%% This BibTeX bibliography file was created using BibDesk.
%% http://bibdesk.sourceforge.net/


%% Created for Davide Martinenghi at 2008-10-09 16:43:27 +0200 


%% Saved with string encoding Unicode (UTF-8) 



@inproceedings{BCDM:VLDB2008,
	Author = {D. Braga and S. Ceri and F. Daniel and D. Martinenghi},
	Booktitle = {Proceedings of VLDB 2008},
	Date-Added = {2008-10-09 16:43:23 +0200},
	Date-Modified = {2008-10-09 16:43:23 +0200},
	Pages = {562-573},
	Title = {Optimization of Multi-Domain Queries on the Web},
	Year = {2008}}

@inproceedings{CaMa:ICDE2008,
	Author = {Andrea Cal\`{\i} and Davide Martinenghi},
	Booktitle = ICDE-08,
	Date-Added = {2008-09-05 17:20:45 +0200},
	Date-Modified = {2008-09-05 17:23:32 +0200},
	Pages = {50-59},
	Publisher = IEEEP,
	Title = {Querying Data under Access Limitations},
	Year = {2008}}

@article{Hale01,
	Author = {Alon Y. Halevy},
	Date-Added = {2008-09-03 18:21:28 +0200},
	Date-Modified = {2008-09-03 18:21:28 +0200},
	Journal = VLDBJ,
	Number = 4,
	Pages = {270--294},
	Title = {Answering Queries Using Views: {A} Survey},
	Volume = 10,
	Year = 2001}

@techreport{Levy99,
	Author = {Alon Y. Levy},
	Date-Added = {2008-09-03 18:21:20 +0200},
	Date-Modified = {2008-09-03 18:21:20 +0200},
	Institution = {University of Washinghton},
	Title = {Answering Queries Using Views: A Survey},
	Year = 1999}

@inproceedings{CaCa02b,
	Author = {Andrea Cal\`{\i} and Diego Calvanese},
	Booktitle = {Proc.\ of the IFIP WG8.1 Working Conference on Engineering                   Information Systems in the Internet Context (EISIC~2002)},
	Date-Added = {2008-09-03 18:21:13 +0200},
	Date-Modified = {2008-09-03 18:22:08 +0200},
	Pages = {285--301},
	Publisher = KAP,
	Title = {Optimized Querying of Integrated Data over the {W}eb},
	Year = 2002}

@article{Li03,
	Author = {Chen Li},
	Date-Added = {2008-09-03 18:21:04 +0200},
	Date-Modified = {2008-09-03 18:21:04 +0200},
	Journal = VLDBJ,
	Number = 3,
	Pages = {211--227},
	Title = {Computing Complete Answers to Queries in the Presence of                   Limited Access Patterns},
	Volume = 12,
	Year = 2003}

@inproceedings{MiLF00,
	Author = {Todd D. Millstein and Alon Y. Levy and Marc Friedman},
	Booktitle = PODS-00,
	Date-Added = {2008-09-03 18:20:57 +0200},
	Date-Modified = {2008-09-03 18:20:57 +0200},
	Pages = {67--75},
	Title = {Query Containment for Data Integration Systems},
	Year = 2000}

@inproceedings{DuLe97,
	Author = {Oliver M. Duschka and Alon Y. Levy},
	Booktitle = IJCAI-97,
	Date-Added = {2008-09-03 18:20:50 +0200},
	Date-Modified = {2008-09-03 18:20:50 +0200},
	Pages = {778--784},
	Title = {Recursive Plans for Information Gathering},
	Year = 1997}

@inproceedings{FLMS99,
	Author = {Daniela Florescu and Alon Y. Levy and Ioana Manolescu and Dan                   Suciu},
	Booktitle = SIGMOD,
	Date-Added = {2008-09-03 18:20:42 +0200},
	Date-Modified = {2008-09-03 18:20:42 +0200},
	Pages = {311--322},
	Title = {Query Optimization in the Presence of Limited Access                   Patterns},
	Year = 1999}

@inproceedings{LiCh00,
	Author = {Chen Li and Edward Chang},
	Booktitle = ICDE-00,
	Date-Added = {2008-09-03 18:20:28 +0200},
	Date-Modified = {2008-09-03 18:20:28 +0200},
	Pages = {401--412},
	Title = {Query Planning with Limited Source Capabilities},
	Year = 2000}

@inproceedings{LiCh01,
	Author = {Chen Li and Edward Chang},
	Booktitle = ICDT-01,
	Date-Added = {2008-09-03 18:20:28 +0200},
	Date-Modified = {2008-09-03 18:20:28 +0200},
	Pages = {219--233},
	Title = {On Answering Queries in the Presence of Limited Access                   Patterns},
	Year = 2001}

@article{LiCh01b,
	Author = {Chen Li and Edward Chang},
	Date-Added = {2008-09-03 18:20:28 +0200},
	Date-Modified = {2008-09-03 18:20:28 +0200},
	Journal = TODS,
	Number = 3,
	Pages = {313--343},
	Title = {Answering Queries with Useful Bindings},
	Volume = 26,
	Year = 2001}

@article{FlLM98,
	Author = {Daniela Florescu and Alon Levy and Alberto Mendelzon},
	Date-Added = {2008-09-03 18:20:18 +0200},
	Date-Modified = {2008-09-03 18:20:18 +0200},
	Journal = SIGMODR,
	Number = 3,
	Pages = {59--74},
	Title = {Database Techniques for the {W}orld-{W}ide {W}eb: {A}                   Survey},
	Volume = 27,
	Year = 1998}

@inproceedings{RaSU95,
	Author = {Anand Rajaraman and Yehoshua Sagiv and Jeffrey D. Ullman},
	Booktitle = PODS-95,
	Date-Added = {2008-09-03 18:20:01 +0200},
	Date-Modified = {2008-09-03 18:20:01 +0200},
	Title = {Answering Queries Using Templates with Binding Patterns},
	Year = 1995}

@article{Deutsch:2007lr,
	Author = {Alin Deutsch and Bertram Lud\"ascher and Alan Nash},
	Bibsource = {DBLP, http://dblp.uni-trier.de},
	Date-Added = {2008-09-03 18:18:36 +0200},
	Date-Modified = {2008-09-03 18:18:36 +0200},
	Ee = {http://dx.doi.org/10.1016/j.tcs.2006.11.008},
	Journal = TCS,
	Number = {3},
	Pages = {200-226},
	Title = {Rewriting queries using views with access patterns under integrity constraints},
	Volume = {371},
	Year = {2007}}

@article{DBLP:journals/jcss/MillsteinHF03,
	Author = {Todd D. Millstein and Alon Y. Halevy and Marc Friedman},
	Date-Added = {2008-09-03 18:18:36 +0200},
	Date-Modified = {2008-09-03 18:18:36 +0200},
	Journal = JCSS,
	Number = {1},
	Pages = {20-39},
	Title = {Query containment for data integration systems},
	Volume = {66},
	Year = {2003}}

@inproceedings{DBLP:conf/slp/DembinskiM85,
	Author = {Piotr Dembinski and Jan Maluszynski},
	Booktitle = SLP-85,
	Date-Added = {2008-09-03 18:18:36 +0200},
	Date-Modified = {2008-09-03 18:18:36 +0200},
	Pages = {29-38},
	Title = {AND-Parallelism with Intelligent Backtracking for Annotated Logic Programs},
	Year = {1985}}

@inproceedings{Srivastava:2006fk,
	Author = {Utkarsh Srivastava and Kamesh Munagala and Jennifer Widom and Rajeev Motwani},
	Booktitle = VLDB-06,
	Date-Added = {2008-09-03 18:18:36 +0200},
	Date-Modified = {2008-09-03 18:18:36 +0200},
	Ee = {http://www.vldb.org/conf/2006/p355-srivastava.pdf},
	Pages = {355-366},
	Title = {Query Optimization over Web Services},
	Year = {2006}}

@phdthesis{SrivastavaPhDThesis,
	Author = {Utkarsh Srivastava},
	Date-Added = {2008-09-03 18:18:36 +0200},
	Date-Modified = {2008-09-03 18:18:36 +0200},
	School = {Stanford University},
	Title = {Efficient Query Processing for Modern Data Management},
	Year = {2006}}

@inproceedings{YaKC06,
	Author = {Yang, Guizhen and Kifer, Michael and Chaudhri, Vinay K.},
	Booktitle = PODS-06,
	Date-Added = {2008-09-03 18:18:36 +0200},
	Date-Modified = {2008-09-03 18:18:36 +0200},
	Pages = {22--22},
	Title = {Efficiently ordering subgoals with access constraints},
	Year = {2006}}

@inproceedings{NaLu04,
	Author = {Alan Nash and Bertram Lud\"ascher},
	Booktitle = PODS-04,
	Date-Added = {2008-09-03 18:18:36 +0200},
	Date-Modified = {2008-09-03 18:18:36 +0200},
	Pages = {307--318},
	Title = {Processing first-order queries under limited access patterns},
	Year = 2004}

@inproceedings{LuNa04a,
	Author = {Lud\"ascher, Bertram and Nash, Alan},
	Booktitle = EDBT-04,
	Date-Added = {2008-09-03 18:18:36 +0200},
	Date-Modified = {2008-09-03 18:18:36 +0200},
	Pages = {422--440},
	Title = {Processing union of conjunctive queries with negation under limited access patterns},
	Year = 2004}
