%%%%%%%%%%%%%%%%%%%%%%%%%%%%%%%%%%%%%%%%%%%%%%%%%%%%%%%%%%%%%%%%%%%%%%%%%%%%%%
@string{info = {File di stringhe in formato completo (long)}}
%%%%%%%%%%%%%%%%%%%%%%%%%%%%%%%%%%%%%%%%%%%%%%%%%%%%%%%%%%%%%%%%%%%%%%%%%%%%%%

%%%%%%%%%%%%%%%%%%%%%%%%%%%%%%%%%%%%%%%%%%%%%%%%%%%%%%%%%%%%%%%%%%%%%%%%%%%%%%
@string{currentuser = {NESSUNO}}
@string{info01 = {Time-stamp: "2006-12-21 08:55:26 calvanese"}}
@string{info02 = {Note sull'uso:}}
@string{info03 = {- Prima di fare modifiche sostituire "NESSUNO" con il}}
@string{info04 = {  proprio nome e salvare}}
@string{info05 = {- Finito l'editing sostituire il proprio nome con "NESSUNO"}}
@string{info06 = {  aggiornare il log e salvare}}
@string{info07 = {- Se al momento di aprire il file si vede che e` gia` usato}}
@string{info08 = {  da qualcuno NON fare modifiche e NON SALVARE}}
%%%%%%%%%%%%%%%%%%%%%%%%%%%%%%%%%%%%%%%%%%%%%%%%%%%%%%%%%%%%%%%%%%%%%%%%%%%%%%

%%%%% PROCEEDINGS PROCEEDINGS PROCEEDINGS PROCEEDINGS PROCEEDINGS 
%%%%% Within each category in alphabetical order

%%%%% ARTIFICIAL INTELLIGENCE,  AUTOMATED DEDUCTION,  LOGIC PROGRAMMING
%%%%% ARTIFICIAL INTELLIGENCE,  AUTOMATED DEDUCTION,  LOGIC PROGRAMMING
%%%%% ARTIFICIAL INTELLIGENCE,  AUTOMATED DEDUCTION,  LOGIC PROGRAMMING

%%%%% INTERNATIONAL

@string{AAAI-80 = "Proceedings of the First National Conference on Artificial
                   Intelligence (AAAI'80)"}
@string{AAAI-82 = "Proceedings of the Second National Conference on Artificial
                   Intelligence (AAAI'82)"}
@string{AAAI-83 = "Proceedings of the Third National Conference on Artificial
                   Intelligence (AAAI'83)"}
@string{AAAI-84 = "Proceedings of the Fourth National Conference on Artificial
                   Intelligence (AAAI'84)"}
@string{AAAI-86 = "Proceedings of the Fifth National Conference on Artificial
                   Intelligence (AAAI'86)"}
@string{AAAI-87 = "Proceedings of the Sixth National Conference on Artificial
                   Intelligence (AAAI'87)"}
@string{AAAI-88 = "Proceedings of the Seventh National Conference on Artificial
                   Intelligence (AAAI'88)"}
@string{AAAI-90 = "Proceedings of the Eighth National Conference on Artificial 
                   Intelligence (AAAI'90)"}
@string{AAAI-91 = "Proceedings of the Ninth National Conference on Artificial 
                   Intelligence (AAAI'91)"}
@string{AAAI-92 = "Proceedings of the Tenth National Conference on Artificial
                   Intelligence (AAAI'92)"}
@string{AAAI-93 = "Proceedings of the Eleventh National Conference on
                   Artificial Intelligence (AAAI'93)"}
@string{AAAI-94 = "Proceedings of the Twelfth National Conference on
                   Artificial Intelligence (AAAI'94)"}
@string{AAAI-96 = "Proceedings of the Thirteenth National Conference on
                   Artificial Intelligence (AAAI'96)"}
@string{AAAI-97 = "Proceedings of the Fourteenth National Conference on
                   Artificial Intelligence (AAAI'97)"}
@string{AAAI-98 = "Proceedings of the Fifteenth National Conference on
                   Artificial Intelligence (AAAI'98)"}
@string{AAAI-99 = "Proceedings of the Sixteenth National Conference on
                   Artificial Intelligence (AAAI'99)"}
@string{AAAI-00 = "Proceedings of the Seventeenth National Conference on
                   Artificial Intelligence (AAAI~2000)"}
@string{AAAI-02 = "Proceedings of the Eighteenth National Conference on
                   Artificial Intelligence (AAAI~2002)"}
@string{AAAI-04 = "Proceedings of the Nineteenth National Conference on
                   Artificial Intelligence (AAAI~2004)"}
@string{AAAI-05 = "Proceedings of the Twentieth National Conference on
                   Artificial Intelligence (AAAI~2005)"}
@string{AAAI-06 = "Proceedings of the Twentyfirst National Conference on
                   Artificial Intelligence (AAAI~2006)"}

@string{AGENTS-01= "Proceedings of the Fifth International Conference on
                    Autonomous Agents (Agents~2001)"}

@string{AIPS-96 = "Proceedings of the Third International Conference on
                   Artificial Intelligence Planning Systems (AIPS'96)"}
@string{AIPS-98 = "Proceedings of the Fourth International Conference on
                   Artificial Intelligence Planning Systems (AIPS'98)"}
@string{AIPS-00 = "Proceedings of the Fifth International Conference on
                   Artificial Intelligence Planning Systems (AIPS~2000)"}

@string{IAAI-99 = "Proceedings of the Eleventh Annual Conference on Innovative
                   Appplications of Artificial Intelligence (IAAI'99)"}
@string{IAAI-00 = "Proceedings of the Twelfth Annual Conference on Innovative
                   Appplications of Artificial Intelligence (IAAI~2000)"}

@string{AIED-93 = "Proceedings of the Sixth World Conference on Artificial
                   Intelligence in Education (AI-ED'93)"}
@string{AIED-95 = "Proceedings of the Seventh World Conference on Artificial
                   Intelligence in Education (AI-ED'95)"}

@string{BTW-03 = "Proceedings of the Tenth Conference on Database Systems for
                  Business, Technology and Web (BTW~2003)"}

@string{CADE-82 = "Proceedings of the Sixth International Conference on
                   Automated Deduction (CADE'82)"}
@string{CADE-86 = "Proceedings of the Eighth International Conference on
                   Automated Deduction (CADE-86)"}
@string{CADE-88 = "Proceedings of the Ninth International Conference on
                   Automated Deduction (CADE'88)"}
@string{CADE-90 = "Proceedings of the Tenth International Conference on
                   Automated Deduction (CADE'90)"}
@string{CADE-92 = "Proceedings of the Eleventh International Conference on
                   Automated Deduction (CADE'92)"}
@string{CADE-94 = "Proceedings of the Twelfth International Conference on
                   Automated Deduction (CADE'94)"}
@string{CADE-96 = "Proceedings of the Thirteenth International Conference on
                   Automated Deduction (CADE'96)"}
@string{CADE-97 = "Proceedings of the Fourteenth International Conference on
                   Automated Deduction (CADE'97)"}
@string{CADE-98 = "Proceedings of the Fifteenth International Conference on
                   Automated Deduction (CADE'98)"}
@string{CADE-99 = "Proceedings of the Sixteenth International Conference on
                   Automated Deduction (CADE'99)"}
@string{CADE-00 = "Proceedings of the Seventeenth International Conference on
                   Automated Deduction (CADE~2000)"}
%% CADE-01 did not take place
@string{CADE-02 = "Proceedings of the Eighteenth International Conference on
                   Automated Deduction (CADE~2002)"}
@string{CADE-03 = "Proceedings of the Nineteenth International Conference on
                   Automated Deduction (CADE~2003)"}

@string{CHARME-95 = "Proceedings of the eighth Advanced Research Working
                     Conference on Correct Hardware Design and Verification
                     Methods (CHARME'95)"}

@string{CIKM-92 = "Proceedings of the International Conference on Information
                   and Knowledge Management (CIKM'92)"}
@string{CIKM-93 = "Proceedings of the Second International Conference on
                   Information and Knowledge Management (CIKM'93)"}
@string{CIKM-94 = "Proceedings of the Third International Conference on
                   Information and Knowledge Management (CIKM'94)"}
@string{CIKM-95 = "Proceedings of the Fourth International Conference on
                   Information and Knowledge Management (CIKM'95)"}
@string{CIKM-96 = "Proceedings of the Fifth International Conference on
                   Information and Knowledge Management (CIKM'95)"}
@string{CIKM-97 = "Proceedings of the Sixth International Conference on
                   Information and Knowledge Management (CIKM'95)"}
@string{CIKM-98 = "Proceedings of the Seventh International Conference on
                   Information and Knowledge Management (CIKM'95)"}
@string{CIKM-99 = "Proceedings of the Eighth International Conference on
                   Information and Knowledge Management (CIKM'99)"}
@string{CIKM-00 = "Proceedings of the Ninth International Conference on
                   Information and Knowledge Management (CIKM~2000)"}
@string{CIKM-01 = "Proceedings of the Tenth International Conference on
                   Information and Knowledge Management (CIKM~2001)"}
@string{CIKM-02 = "Proceedings of the Eleventh International Conference on
                   Information and Knowledge Management (CIKM~2002)"}
@string{CIKM-03 = "Proceedings of the Twelfth International Conference on
                   Information and Knowledge Management (CIKM~2003)"}
@string{CIKM-04 = "Proceedings of the Thirteenth International Conference on
                   Information and Knowledge Management (CIKM~2004)"}
@string{CIKM-05 = "Proceedings of the Fourteenth International Conference on
                   Information and Knowledge Management (CIKM~2005)"}

@string{CP-00 = "Proceedings of the Sixth International Conference on
                 Principles and Practice of Constraint Programming (CP~2000)"}
@string{CP-01 = "Proceedings of the Seventh International Conference on
                 Principles and Practice of Constraint Programming (CP~2001)"}
@string{CP-02 = "Proceedings of the Eigth International Conference on
                 Principles and Practice of Constraint Programming (CP~2002)"}
@string{CP-03 = "Proceedings of the Ninth International Conference on
                 Principles and Practice of Constraint Programming (CP~2003)"}

@string{COLING-94 = "Proceedings of the Fourteenth International Conference on
                     Computational Linguistics (COLING'94)"}
@string{COLING-96 = "Proceedings of the Sixteenth International Conference on
                     Computational Linguistics (COLING'96)"}

@string{CSL-97 = "Proceedings of the Annual Conference of the European
                  Association for Computer Science Logic (CSL'97)"}
@string{CSL-99 = "Proceedings of the Annual Conference of the European
                  Association for Computer Science Logic (CSL'99)"}

@string{ECAI-84 = "Proceedings of the Sixth European Conference on Artificial 
                   Intelligence (ECAI'84)"}
@string{ECAI-86 = "Proceedings of the Seventh European Conference on
                   Artificial Intelligence (ECAI'86)"}
@string{ECAI-88 = "Proceedings of the Eighth European Conference on Artificial
                   Intelligence (ECAI'88)"}
@string{ECAI-90 = "Proceedings of the Ninth European Conference on Artificial 
                   Intelligence (ECAI'90)"}
@string{ECAI-92 = "Proceedings of the Tenth European Conference on Artificial 
                   Intelligence (ECAI'92)"}
@string{ECAI-94 = "Proceedings of the Eleventh European Conference on
                   Artificial Intelligence (ECAI'94)"}
@string{ECAI-96 = "Proceedings of the Twelfth European Conference on
                   Artificial Intelligence (ECAI'96)"}
@string{ECAI-98 = "Proceedings of the Thirteenth European Conference on
                   Artificial Intelligence (ECAI'98)"}
@string{ECAI-00 = "Proceedings of the Fourteenth European Conference on
                   Artificial Intelligence (ECAI~2000)"}
@string{ECAI-02 = "Proceedings of the Fifteenth European Conference on
                   Artificial Intelligence (ECAI~2002)"}
@string{ECAI-04 = "Proceedings of the Sixteenth European Conference on
                   Artificial Intelligence (ECAI~2004)"}
@string{ECAI-06 = "Proceedings of the Seventeenth European Conference on
                   Artificial Intelligence (ECAI~2006)"}

@string{ECP-97 = "Proceedings of the Fourth European Conference on
                  Planning (ECP'97)"}
@string{ECP-99 = "Proceedings of the Fifth European Conference on
                  Planning (ECP'99)"}

@string{ESWC-04 = "Proceedings of the First European Semantic Web Conference
                   (ESWC~2004)"}
@string{ESWC-05 = "Proceedings of the Second European Semantic Web Conference
                   (ESWC~2005)"}
@string{ESWC-06 = "Proceedings of the Third European Semantic Web Conference
                   (ESWC~2006)"}

@string{FAPR-97 = "Proceeding of the International Joint Conference on
                   Qualitative and Quantitative Practical Reasoning
                   (ECSQARU/FAPR'97)"}

@string{FoIKS-00 = "Proceedings of the First International Symposium on
                    Foundations of Information and Knowledge Systems
                    (FoIKS~2000)"}
@string{FoIKS-02 = "Proceedings of the Second International Symposium on
                    Foundations of Information and Knowledge Systems
                    (FoIKS~2002)"}
@string{FoIKS-04 = "Proceedings of the Third International Symposium on
                    Foundations of Information and Knowledge Systems
                    (FoIKS~2004)"}
@string{FoIKS-06 = "Proceedings of the Fourth International Symposium on
                    Foundations of Information and Knowledge Systems
                    (FoIKS~2006)"}

@string{FQAS-00 = "Proceedings of the Fourth International Conference on
                   Flexible Query Answering Systems (FQAS~2000)"}
@string{FQAS-02 = "Proceedings of the Fifth International Conference on
                   Flexible Query Answering Systems (FQAS~2002)"}

@string{ICCS-95 = "Proceedings of the Third International Conference on
                   Conceptual Structures (ICCS'95)"}
@string{ICCS-96 = "Proceedings of the Fourth International Conference on
                   Conceptual Structures (ICCS'96)"}
@string{ICCS-97 = "Proceedings of the Fifth International Conference on
                   Conceptual Structures (ICCS'97)"}
@string{ICCS-98 = "Proceedings of the Sixth International Conference on
                   Conceptual Structures (ICCS'98)"}
@string{ICCS-99 = "Proceedings of the Seventh International Conference on
                   Conceptual Structures (ICCS'99)"}

@string{ICLP-88 = "Proceedings of the Fifth International Conference on
                   Logic Programming (ICLP'88)"}
@string{ICLP-89 = "Proceedings of the Sixth International Conference on
                   Logic Programming (ICLP'89)"}
@string{ICLP-90 = "Proceedings of the Seventh International Conference on
                   Logic Programming (ICLP'90)"}
@string{ICLP-91 = "Proceedings of the Eighth International Conference on
                   Logic Programming (ICLP'91)"}
@string{IJCSLP-92 = "Proceedings of the International Joint Conference and
                     Symposium on Logic Programming (IJCSLP'92)"}
@string{ICLP-93 = "Proceedings of the Tenth International Conference on
                   Logic Programming (ICLP'93)"}
@string{ICLP-94 = "Proceedings of the Eleventh International Conference on
                   Logic Programming (ICLP'94)"}
@string{ICLP-95 = "Proceedings of the Twelfth International Conference on
                   Logic Programming (ICLP'95)"}
@string{ICLP-01 = "Proceedings of the Seventeenth International Conference on
                   Logic Programming (ICLP'01)"}

@string{ICTAI-96 = "Proceedings of the Eighth {IEEE} International Conference
                    on Tools with Artificial Intelligence (ICTAI'96)"}

@string{IJCAI-69 = "Proceedings of the First International Joint Conference 
                    on Artificial Intelligence (IJCAI'69)"}
@string{IJCAI-77 = "Proceedings of the Fifth International Joint Conference
                    on Artificial Intelligence (IJCAI'77)"}
@string{IJCAI-79 = "Proceedings of the Sixth International Joint Conference
                    on Artificial Intelligence (IJCAI'79)"}
@string{IJCAI-81 = "Proceedings of the Seventh International Joint Conference
                    on Artificial Intelligence (IJCAI'81)"}
@string{IJCAI-83 = "Proceedings of the Eighth International Joint Conference
                    on Artificial Intelligence (IJCAI'83)"}
@string{IJCAI-85 = "Proceedings of the Ninth International Joint Conference
                    on Artificial Intelligence (IJCAI'85)"}
@string{IJCAI-87 = "Proceedings of the Tenth International Joint Conference
                    on Artificial Intelligence (IJCAI'87)"}
@string{IJCAI-89 = "Proceedings of the Eleventh International Joint Conference
                    on Artificial Intelligence (IJCAI'89)"}
@string{IJCAI-91 = "Proceedings of the Twelfth International Joint Conference
                    on Artificial Intelligence (IJCAI'91)"}
@string{IJCAI-93 = "Proceedings of the Thirteenth International Joint
                    Conference on Artificial Intelligence (IJCAI'93)"}
@string{IJCAI-95 = "Proceedings of the Fourteenth International Joint
                    Conference on Artificial Intelligence (IJCAI'95)"}
@string{IJCAI-97 = "Proceedings of the Fifteenth International Joint
                    Conference on Artificial Intelligence (IJCAI'97)"}
@string{IJCAI-99 = "Proceedings of the Sixteenth International Joint
                    Conference on Artificial Intelligence (IJCAI'99)"}
@string{IJCAI-01 = "Proceedings of the Seventeenth International Joint
                    Conference on Artificial Intelligence (IJCAI~2001)"}
@string{IJCAI-03 = "Proceedings of the Eighteenth International Joint
                    Conference on Artificial Intelligence (IJCAI~2003)"}
@string{IJCAI-05 = "Proceedings of the Nineteenth International Joint
                    Conference on Artificial Intelligence (IJCAI~2005)"}

@string{IJCAR-01 = "Proceedings of the International Joint Conference on
                    Automated Reasoning (IJCAR~2001)"}
@string{IJCAR-04 = "Proceedings of the Second International Joint Conference on
                    Automated Reasoning (IJCAR~2004)"}
@string{IJCAR-06 = "Proceedings of the Third International Joint Conference on
                    Automated Reasoning (IJCAR~2006)"}

@string{ISMIS-88 = "Proceedings of the Third International Symposium on
                    Methodologies for Intelligent Systems (ISMIS'88)"} 
@string{ISMIS-90 = "Proceedings of the Fifth International Symposium on
                    Methodologies for Intelligent Systems (ISMIS'90)"}
@string{ISMIS-93 = "Proceedings of the Seventh International Symposium on
                    Methodologies for Intelligent Systems (ISMIS'93)"}
@string{ISMIS-94 = "Proceedings of the Eighth International Symposium on
                    Methodologies for Intelligent Systems (ISMIS'94)"}
@string{ISMIS-97 = "Proceedings of the Tenth International Symposium on
                    Methodologies for Intelligent Systems (ISMIS'97)"}
@string{ISMIS-99 = "Proceedings of the Eleventh International Symposium on
                    Methodologies for Intelligent Systems (ISMIS'99)"}
@string{ISMIS-00 = "Proceedings of the Twelfth International Symposium on
                    Methodologies for Intelligent Systems (ISMIS~2000)"}
@string{ISMIS-02 = "Proceedings of the Thirteenth International Symposium on
                    Methodologies for Intelligent Systems (ISMIS~2002)"}
@string{ISMIS-03 = "Proceedings of the Fourteenth International Symposium on
                    Methodologies for Intelligent Systems (ISMIS~2003)"}

@string{KES-04 = "Proceedings of the Eigth International Conference on
                  Knowledge-Based Intelligent Information {\&} Engineering
                  Systems (KES~2004)"}

@string{KR-89 = "Proceedings of the First International Conference on the
                 Principles of Knowledge Representation and Reasoning (KR'89)"}
@string{KR-91 = "Proceedings of the Second International Conference on the
                 Principles of Knowledge Representation and Reasoning (KR'91)"}
@string{KR-92 = "Proceedings of the Third International Conference on the
                 Principles of Knowledge Representation and Reasoning (KR'92)"}
@string{KR-94 = "Proceedings of the Fourth International Conference on the
                 Principles of Knowledge Representation and Reasoning (KR'94)"}
@string{KR-96 = "Proceedings of the Fifth International Conference on the
                 Principles of Knowledge Representation and Reasoning (KR'96)"}
@string{KR-98 = "Proceedings of the Sixth International Conference on the
                 Principles of Knowledge Representation and Reasoning (KR'98)"}
@string{KR-00 = "Proceedings of the Seventh International Conference on the
               Principles of Knowledge Representation and Reasoning (KR~2000)"}
@string{KR-02 = "Proceedings of the Eighth International Conference on the
               Principles of Knowledge Representation and Reasoning (KR~2002)"}
@string{KR-04 = "Proceedings of the Ninth International Conference on the
               Principles of Knowledge Representation and Reasoning (KR~2004)"}
@string{KR-06 = "Proceedings of the Tenth International Conference on the
               Principles of Knowledge Representation and Reasoning (KR~2006)"}

@string{LICS-86 = "Proceedings of the First IEEE Symposium on Logic in
                   Computer Science (LICS'86)"}
@string{LICS-87 = "Proceedings of the Second IEEE Symposium on Logic in
                   Computer Science (LICS'87)"}
@string{LICS-88 = "Proceedings of the Third IEEE Symposium on Logic in
                   Computer Science (LICS'88)"}
@string{LICS-89 = "Proceedings of the Fourth IEEE Symposium on Logic in
                   Computer Science (LICS'89)"}
@string{LICS-90 = "Proceedings of the Fifth IEEE Symposium on Logic in
                   Computer Science (LICS'90)"}
@string{LICS-91 = "Proceedings of the Sixth IEEE Symposium on Logic in
                   Computer Science (LICS'91)"}
@string{LICS-92 = "Proceedings of the Seventh IEEE Symposium on Logic in
                   Computer Science (LICS'92)"}
@string{LICS-93 = "Proceedings of the Eight IEEE Symposium on Logic in
                   Computer Science (LICS'93)"}
@string{LICS-94 = "Proceedings of the Ninth IEEE Symposium on Logic in
                   Computer Science (LICS'94)"}
@string{LICS-95 = "Proceedings of the Tenth IEEE Symposium on Logic in
                   Computer Science (LICS'95)"}
@string{LICS-96 = "Proceedings of the Eleventh IEEE Symposium on Logic in
                   Computer Science (LICS'96)"}
@string{LICS-97 = "Proceedings of the Twelfth IEEE Symposium on Logic in
                   Computer Science (LICS'97)"}
@string{LICS-98 = "Proceedings of the Thirteenth IEEE Symposium on Logic in
                   Computer Science (LICS'98)"}
@string{LICS-99 = "Proceedings of the Fourteenth IEEE Symposium on Logic in
                   Computer Science (LICS'99)"}
@string{LICS-00 = "Proceedings of the Fifteenth IEEE Symposium on Logic in
                   Computer Science (LICS~2000)"}
@string{LICS-01 = "Proceedings of the Sixteenth IEEE Symposium on Logic in
                   Computer Science (LICS~2001)"}
@string{LICS-02 = "Proceedings of the Seventeenth IEEE Symposium on Logic in
                   Computer Science (LICS~2002)"}
@string{LICS-03 = "Proceedings of the Eighteenth IEEE Symposium on Logic in
                   Computer Science (LICS~2003)"}
@string{LICS-04 = "Proceedings of the Nineteenth IEEE Symposium on Logic in
                   Computer Science (LICS~2004)"}
@string{LICS-05 = "Proceedings of the Twentieth IEEE Symposium on Logic in
                   Computer Science (LICS~2005)"}
@string{LICS-06 = "Proceedings of the Twentyfirst IEEE Symposium on Logic in
                   Computer Science (LICS~2006)"}

@string{LOPSTR-92 = "Proceedings of the International Workshop on Logic
                     Program Synthesis and Transformation (LOPSTR'92)"}

@string{LPAR-99 = "Proceedings of the Sixth International Conference on
                   Logic for Programming and Automated Reasoning (LPAR'99)"}
@string{LPAR-00 = "Proceedings of the Seventh International Conference on
                   Logic for Programming and Automated Reasoning (LPAR~2000)"}
@string{LPAR-01 = "Proceedings of the Eighth International Conference on
                   Logic for Programming, Artificial Intelligence and
                   Reasoning (LPAR~2001)"}
@string{LPAR-02 = "Proceedings of the Ninth International Conference on
                   Logic for Programming, Artificial Intelligence and
                   Reasoning (LPAR~2002)"}
@string{LPAR-03 = "Proceedings of the Tenth International Conference on
                   Logic for Programming, Artificial Intelligence and
                   Reasoning (LPAR~2003)"}
@string{LPAR-04 = "Proceedings of the Eleventh International Conference on
                   Logic for Programming, Artificial Intelligence and
                   Reasoning (LPAR~2004)"}
@string{LPAR-05 = "Proceedings of the Twelfth International Conference on
                   Logic for Programming, Artificial Intelligence and
                   Reasoning (LPAR~2005)"}
@string{LPAR-06 = "Proceedings of the Thirteenth International Conference on
                   Logic for Programming, Artificial Intelligence and
                   Reasoning (LPAR~2006)"}


@string{META-92 = "Proceedings of the International Conference on
                   Meta-Programming (META'92)"}

@string{PEG-93 = "Proceedings of the Seventh International PEG Conference
                  (PEG'93)"}

@string{PLILP-94 = "Proceedings of the Sixth International Symposium on
                    Programming Language Implementation and Logic Programming
                    (PLILP'94)"}

@string{PPSWR-03 = "Proceedings of the 2003 International Workshop on
                    Principles and Practice of Semantic Web Reasoning
                    (PPSWR~2003)"}
@string{PPSWR-05 = "Proceedings of the 2005 International Workshop on
                    Principles and Practice of Semantic Web Reasoning
                    (PPSWR~2005)"}

@string{PRICAI-90 = "Proceedings of the Pacific Rim Conference on Artificial
                     Intelligence (PRICAI'90)"}
@string{PRICAI-02 = "Proceedings of the Seventh Pacific Rim International
                     Conference on Artificial Intelligence (PRICAI~2002)"}

@string{SWWS-01 = "Proceedings of the 2001 International Semantic Web Working
                   Symposium (SWWS~2001)"}
@string{ISWC-02 = "Proceedings of the First International Semantic Web
                   Conference (ISWC~2002)"}
@string{ISWC-03 = "Proceedings of the Second International Semantic Web
                   Conference (ISWC~2003)"}
@string{ISWC-04 = "Proceedings of the Third International Semantic Web
                   Conference (ISWC~2004)"}
@string{ISWC-05 = "Proceedings of the Fourth International Semantic Web
                   Conference (ISWC~2005)"}

@string{TABLEAUX-95 = "Proceedings of the Fourth Workshop on Theorem Proving
                       with Analytic Tableaux and Related Methods"}
@string{TABLEAUX-96 = "Proceedings of the Fifth Workshop on Theorem Proving
                     with Analytic Tableaux and Related Methods (TABLEAUX'96)"}
@string{TABLEAUX-97 = "Proceedings of the Sixth International Conference on
                       Automated Reasoning with Analytic Tableaux and Related
                       Methods (TABLEAUX'97)"}
@string{TABLEAUX-98 = "Proceedings of the Seventh International Conference on
                       Automated Reasoning with Analytic Tableaux and Related
                       Methods (TABLEAUX'98)"}
@string{TABLEAUX-99 = "Proceedings of the Eight International Conference on
                       Automated Reasoning with Analytic Tableaux and Related
                       Methods (TABLEAUX'99)"}
@string{TABLEAUX-00 = "Proceedings of the Ninth International Conference on
                       Automated Reasoning with Analytic Tableaux and Related
                       Methods (TABLEAUX~2000)"}
@string{TABLEAUX-01 = "Proceedings of the Tenth International Conference on
                       Automated Reasoning with Analytic Tableaux and Related
                       Methods (TABLEAUX~2001)"}
@string{TABLEAUX-02 = "Proceedings of the Eleventh International Conference on
                       Automated Reasoning with Analytic Tableaux and Related
                       Methods (TABLEAUX~2002)"}
@string{TABLEAUX-03 = "Proceedings of the Twelfth International Conference on
                       Automated Reasoning with Analytic Tableaux and Related
                       Methods (TABLEAUX~2003)"}
@string{TABLEAUX-04 = "Proceedings of the Thirteenth International Conference
                       on Automated Reasoning with Analytic Tableaux and
                       Related Methods (TABLEAUX~2004)"}
@string{TABLEAUX-05 = "Proceedings of the Fourteenth International Conference
                       on Automated Reasoning with Analytic Tableaux and
                       Related Methods (TABLEAUX~2005)"}

@string{TARK-86 = "Proceedings of the First Conference on Theoretical
                   Aspects of Reasoning about Knowledge (TARK'86)"}
@string{TARK-88 = "Proceedings of the Second Conference on Theoretical
                   Aspects of Reasoning about Knowledge (TARK'88)"}
@string{TARK-90 = "Proceedings of the Third Conference on Theoretical
                   Aspects of Reasoning about Knowledge (TARK'90)"}
@string{TARK-92 = "Proceedings of the Fourth Conference on Theoretical
                   Aspects of Reaosning about Knowledge (TARK'92)"}
@string{TARK-94 = "Proceedings of the Fifth Conference on Theoretical
                   Aspects of Reasoning about Knowledge (TARK'94)"}
@string{TARK-96 = "Proceedings of the Sixth Conference on Theoretical
                   Aspects of Reasoning about Knowledge (TARK'96)"}

@string{TPHOL-96 ="Proceedings of the Ninth International Conference on 
                   Theorem Proving in Higher Order Logics (TPHOLs'96)"} 

@string{WOCFAI-95 = "Proceedings of the Second World Conference on the
                     Fundamentals of Artificial Intelligence (WOCFAI'95)"}

@string{UAI-95 = "Proceedings of the Eleventh Annual Conference on
		Uncertainty in Artificial Intelligence (UAI'95)"}
@string{UAI-97 = "Proceedings of the Thirteenth Conference on
		Uncertainty in Artificial Intelligence (UAI'97)"}

%%%%% ARTIFICIAL INTELLIGENCE  ARTIFICIAL INTELLIGENCE  ARTIFICIAL INTELLIGENCE
%%%%% WORKSHOPS

@string{COGROB-00 = "Proceedings of the Second International Workshop on
                     Cognitive Robotics (COGROB~2000)"}
@string{COGROB-02 = "Proceedings of the Third International Workshop on
                     Cognitive Robotics (COGROB~2002)"}

@string{DL-94 = "Proceedings of the 1994 Description Logic Workshop (DL'94)"}
@string{DL-95 = "Proceedings of the 1995 Description Logic Workshop (DL'95)"}
@string{DL-96 = "Proceedings of the 1996 Description Logic Workshop (DL'96)"}
@string{DL-97 = "Proceedings of the 1997 Description Logic Workshop (DL'97)"}
@string{DL-98 = "Proceedings of the 1998 Description Logic Workshop (DL'98)"}
@string{DL-99 = "Proceedings of the 1999 Description Logic Workshop (DL'99)"}
@string{DL-00 = "Proceedings of the 2000 Description Logic Workshop (DL~2000)"}
@string{DL-01 = "Proceedings of the 2001 Description Logic Workshop (DL~2001)"}
@string{DL-02 = "Proceedings of the 2002 Description Logic Workshop (DL~2002)"}
@string{DL-03 = "Proceedings of the 2003 Description Logic Workshop (DL~2003)"}
@string{DL-04 = "Proceedings of the 2004 Description Logic Workshop (DL~2004)"}
@string{DL-05 = "Proceedings of the 2005 Description Logic Workshop (DL~2005)"}
@string{DL-06 = "Proceedings of the 2005 Description Logic Workshop (DL~2006)"}

@string{FroCoS-96 = "Proceeding of the International Workshop on Frontiers 
                     of Combining Systems (FroCoS'96)"} 
@string{FroCoS-98 = "Proceeding of the Second International Workshop on
                     Frontiers of Combining Systems (FroCoS'98)"}
@string{FroCoS-00 = "Proceeding of the Third International Workshop on
                     Frontiers of Combining Systems (FroCoS~2000)"}
@string{FroCoS-02 = "Proceeding of the Fourth International Workshop on
                     Frontiers of Combining Systems (FroCoS~2002)"}

@string{JELIA-94 = "Proceedings of the Fourth European Workshop on Logics in
                    Artificial Intelligence (JELIA'94)"}
@string{JELIA-96 = "Proceedings of the Fifth European Workshop on Logics in
                    Artificial Intelligence (JELIA'96)"}
@string{JELIA-98 = "Proceedings of the Sixth European Workshop on Logics in
                    Artificial Intelligence (JELIA'98)"}
@string{JELIA-00 = "Proceedings of the Seventh European Workshop on Logics in
                    Artificial Intelligence (JELIA~2000)"}
@string{JELIA-02 = "Proceedings of the Eighth European Workshop on Logics in
                    Artificial Intelligence (JELIA~2002)"}
@string{JELIA-04 = "Proceedings of the Ninth European Workshop on Logics in
                    Artificial Intelligence (JELIA~2004)"}
@string{JELIA-06 = "Proceedings of the Tenth European Workshop on Logics in
                    Artificial Intelligence (JELIA~2006)"}

@string{KRDB-95 = "Proceedings of the Second International Workshop on
                   Knowledge Representation meets Databases (KRDB'95)"}
@string{KRDB-96 = "Proceedings of the Third International Workshop on
                   Knowledge Representation meets Databases (KRDB'96)"}
@string{KRDB-97 = "Proceedings of the Fourth International Workshop on
                   Knowledge Representation meets Databases (KRDB'97)"}
@string{KRDB-98 = "Proceedings of the Fifth International Workshop on
                   Knowledge Representation meets Databases (KRDB'98)"}
@string{KRDB-99 = "Proceedings of the Sixth International Workshop on
                   Knowledge Representation meets Databases (KRDB'99)"}
@string{KRDB-00 = "Proceedings of the Seventh International Workshop on
                   Knowledge Representation meets Databases (KRDB~2000)"}
@string{KRDB-01 = "Proceedings of the Eighth International Workshop on
                   Knowledge Representation meets Databases (KRDB~2001)"}
@string{KRDB-02 = "Proceedings of the Ninth International Workshop on
                   Knowledge Representation meets Databases (KRDB~2002)"}
@string{KRDB-03 = "Proceedings of the Tenth International Workshop on
                   Knowledge Representation meets Databases (KRDB~2003)"}

@string{LPNMR-91 = "Proceedings of the First International Workshop on Logic
                    Programming and Non-monotonic Reasoning (LPNMR'91)"}
@string{LPNMR-93 = "Proceedings of the Second International Workshop on Logic
                    Programming and Non-monotonic Reasoning (LPNMR'93)"} 
@string{LPNMR-95 = "Proceedings of the Third International Workshop on Logic
                    Programming and Non-monotonic Reasoning (LPNMR'95)"} 
@string{LPNMR-97 = "Proceedings of the Fourth International Conference on Logic
                    Programming and Nonmonotonic Reasoning (LPNMR'97)"} 
@string{LPNMR-99 = "Proceedings of the Fifth International Conference on Logic
                    Programming and Nonmonotonic Reasoning (LPNMR'99)"}
@string{LPNMR-01 = "Proceedings of the Sixth International Conference on Logic
                    Programming and Nonmonotonic Reasoning (LPNMR~2001)"}
@string{LPNMR-05 = "Proceedings of the Eighth International Conference on Logic
                    Programming and Nonmonotonic Reasoning (LPNMR~2005)"}

@string{NMR-04	= "Proceedings of the Tenth International Workshop
                   on Non-Monotonic Reasoning (NMR~2004)"}    

@string{NRAC-99	= "Workshop notes of the Third Workshop on Nonmonotonic
		   Reasoning, Action, and Change (NRAC'99)"}

@string{PADL-99 = "Proceedings of the First International Workshop on
                   Practical Aspects of Declarative Languages (PADL'99)"}

@string{ROBOCUP-01 = "Proceedings of the RoboCup 2001 International
                      Symposium"}

%%%%% ARTIFICIAL INTELLIGENCE  ARTIFICIAL INTELLIGENCE  ARTIFICIAL INTELLIGENCE
%%%%% NATIONAL

@string{AI*IA-91 = "Proceedings of the Second Conference of the Italian
                    Association for Artificial Intelligence (AI*IA'91)"}
@string{AI*IA-93 = "Proceedings of the Third Conference of the Italian 
                    Association for Artificial Intelligence (AI*IA'93)"}
@string{AI*IA-95 = "Proceedings of the Fourth Conference of the Italian 
                    Association for Artificial Intelligence (AI*IA'95)"}
@string{AI*IA-96 = "Proceedings of the Fifth {AI*IA} Symposium"}
@string{AI*IA-97 = "Proceedings of the Fifth Conference of the Italian 
                    Association for Artificial Intelligence (AI*IA'97)"}
@string{AI*IA-99 = "Proceedings of the Sixth Conference of the Italian
                    Association for Artificial Intelligence (AI*IA'99)"}

@string{AI-90 = "Proceedings of the Fourth Australian Joint Artificial
                 Intelligence Conference (AI'90)"}
@string{AI-95 = "Proceedings of the Eighth Australian Joint Artificial
                 Intelligence Conference (AI'95)"}

@string{EPIA-93 = "Proceedings of the Sixth Portuguese
                   Conference on Artificial Intelligence (EPIA'93)"}
@string{EPIA-95 = "Proceedings of the Seventh Portuguese
                   Conference on Artificial Intelligence (EPIA'95)"}

@string{KI-87 = "Proceedings of the Eleventh German Workshop on
		 Artificial Intelligence (GWAI'87)"}
@string{KI-88 = "Proceedings of the Twelfth German Workshop on
		 Artificial Intelligence (GWAI'88)"}
@string{KI-92 = "Proceedings of the Sixteenth German Workshop on
                 Artificial Intelligence (GWAI'92)"}
@string{KI-94 = "Proceedings of the Eighteenth German Annual Conference on
                 Artificial Intelligence (KI'94)"}
@string{KI-96 = "Proceedings of the Twentieth German Annual Conference on
                 Artificial Intelligence (KI'96)"}
@string{KI-98 = "Proceedings of the Twentysecond German Annual Conference on
                 Artificial Intelligence (KI'98)"}
@string{KI-99 = "Proceedings of the Twentythird German Annual Conference on
                 Artificial Intelligence (KI'99)"}
@string{KI-01 = "Proceedings of the Joint German/Austrian Conference on
                 Artificial Intelligence (KI~2001)"}
@string{KI-02 = "Proceedings of the Twentyfifth German Annual Conference on
                 Artificial Intelligence (KI~2002)"}
@string{KI-03 = "Proceedings of the Twentysixth German Annual Conference on
                 Artificial Intelligence (KI~2003)"}
@string{KI-04 = "Proceedings of the Twentyseventh German Annual Conference on
                 Artificial Intelligence (KI~2004)"}
@string{KI-05 = "Proceedings of the Twentyeight German Annual Conference on
                 Artificial Intelligence (KI~2005)"}
@string{KI-06 = "Proceedings of the Twentyninth German Annual Conference on
                 Artificial Intelligence (KI~2006)"}

@string{NACLP-90 = "Proceedings of the North American Conference on
                    Logic Programming (NACLP'90)"}


%%%%% DATABASE  DATABASE  DATABASE  DATABASE  DATABASE  DATABASE
%%%%% DATABASE  DATABASE  DATABASE  DATABASE  DATABASE  DATABASE
%%%%% DATABASE  DATABASE  DATABASE  DATABASE  DATABASE  DATABASE

@string{ADL-00 = "Proceedings of IEEE Advances in Digital Libraries
                  (ADL~2000)"}

@string{ADTI-94 = "Proceedings of the International Symposium on Advanced
                   Database Technologies and Their Integration (ADTI'94)"}

@string{CAiSE-98 = "Proceedings of the Tenth International Conference on
                    Advanced Information Systems Engineering (CAiSE'98)"}
@string{CAiSE-99 = "Proceedings of the Eleventh International Conference on
                    Advanced Information Systems Engineering (CAiSE'99)"}
@string{CAiSE-00 = "Proceedings of the Twelfth International Conference on
                    Advanced Information Systems Engineering (CAiSE~2000)"}
@string{CAiSE-01 = "Proceedings of the Thirteenth International Conference on
                    Advanced Information Systems Engineering (CAiSE~2001)"}
@string{CAiSE-02 = "Proceedings of the Fourteenth International Conference on
                    Advanced Information Systems Engineering (CAiSE~2002)"}
@string{CAiSE-03 = "Proceedings of the Fifteenth International Conference on
                    Advanced Information Systems Engineering (CAiSE~2003)"}
@string{CAiSE-04 = "Proceedings of the Sixteenth International Conference on
                    Advanced Information Systems Engineering (CAiSE~2004)"}

@string{CoopIS-93 = "Proceedings of the International Conference on
                     Cooperative Information Systems (CoopIS'93)"}
@string{CoopIS-94 = "Proceedings of the Second International Conference on
                     Cooperative Information Systems (CoopIS'94)"}
@string{CoopIS-95 = "Proceedings of the Third International Conference on
                     Cooperative Information Systems (CoopIS'95)"}
@string{CoopIS-96 = "Proceedings of the Fourth International Conference on
                     Cooperative Information Systems (CoopIS'96)"}
@string{CoopIS-97 = "Proceedings of the Fifth International Conference on
                     Cooperative Information Systems (CoopIS'97)"}
@string{CoopIS-98 = "Proceedings of the Sixth International Conference on
                     Cooperative Information Systems (CoopIS'98)"}
@string{CoopIS-99 = "Proceedings of the Seventh International Conference on
                     Cooperative Information Systems (CoopIS'99)"}
@string{CoopIS-00 = "Proceedings of the Eighth International Conference on
                     Cooperative Information Systems (CoopIS~2000)"}
@string{CoopIS-01 = "Proceedings of the Ninth International Conference on
                     Cooperative Information Systems (CoopIS~2001)"}

@string{DBPL-97 = "Proceedings of the Sixth International Workshop on
                   Database Programming Languages (DBPL'97)"}
@string{DBPL-01 = "Proc.\ of the Eighth International Workshop on
                   Database Programming Languages (DBPL~2001)"}
@string{DBPL-03 = "Proc.\ of the Ninth International Symposium on
                   Database Programming Languages (DBPL~2003)"}
@string{DBPL-05 = "Proc.\ of the Tenth International Symposium on
                   Database Programming Languages (DBPL~2005)"}

@string{DigLib-96 = "Proceedings of the First ACM International Conference on
                     Digital Libraries (DL'96)"}
@string{DigLib-97 = "Proceedings of the Second ACM International Conference on
                     Digital Libraries (DL'97)"}
@string{DigLib-98 = "Proceedings of the Third ACM International Conference on
                     Digital Libraries (DL'98)"}
@string{DigLib-99 = "Proceedings of the Fourth ACM Conference on Digital
                     Libraries (DL'99)"}

@string{DOOD-89 = "Proceedings of the First International Conference on
                   Deductive and Object-Oriented Databases (DOOD'89)"}
@string{DOOD-91 = "Proceedings of the Second International Conference on
                   Deductive and Object-Oriented Databases (DOOD'91)"}
@string{DOOD-93 = "Proceedings of the Third International Conference on
                   Deductive and Object-Oriented Databases (DOOD'93)"}
@string{DOOD-95 = "Proceedings of the Fourth International Conference on
                   Deductive and Object-Oriented Databases (DOOD'95)"}
@string{DOOD-97 = "Proceedings of the Fifth International Conference on
                   Deductive and Object-Oriented Databases (DOOD'97)"}

@string{EDBT-92 = "Proceedings of the Third International Conference on
                   Extending Database Technology (EDBT'92)"}
@string{EDBT-94 = "Proceedings of the Fourth International Conference on
                   Extending Database Technology (EDBT'94)"}
@string{EDBT-96 = "Proceedings of the Fifth International Conference on
                   Extending Database Technology (EDBT'96)"}
@string{EDBT-98 = "Proceedings of the Sixth International Conference on
                   Extending Database Technology (EDBT'98)"}
@string{EDBT-00 = "Proceedings of the Seventh International Conference on
                   Extending Database Technology (EDBT~2000)"}
@string{EDBT-02 = "Proceedings of the Eighth International Conference on
                   Extending Database Technology (EDBT~2002)"}
@string{EDBT-04 = "Proceedings of the Ninth International Conference on
                   Extending Database Technology (EDBT~2004)"}

@string{ER-83 = "Proceedings of the International Conference on the
                 Entity-Rela\-tion\-ship Approach to Software Engineering"}
@string{ER-90 = "Proceedings of the Ninth International Conference on the
                 Entity-Rela\-tion\-ship Approach (ER'90)"}
@string{ER-91 = "Proceedings of the Tenth International Conference on the
                 Entity-Rela\-tion\-ship Approach (ER'91)"}
@string{ER-92 = "Proceedings of the Eleventh International Conference on the
                 Entity-Rela\-tion\-ship Approach (ER'92)"}
@string{ER-93 = "Proceedings of the Twelfth International Conference on the
                 Entity-Rela\-tion\-ship Approach (ER'93)"}
@string{ER-94 = "Proceedings of the Thirteenth International Conference on the
                 Entity-Rela\-tion\-ship Approach (ER'94)"}
@string{ER-95 = "Proceedings of the Fourteenth International Conference on
                 Object-Oriented and Entity-Relationship Modelling (OOER'95)"}
@string{ER-96 = "Proceedings of the Fifteenth International Conference on
                 Conceptual Modeling (ER'96)"}
@string{ER-97 = "Proceedings of the Sixteenth International Conference on
                 Conceptual Modeling (ER'97)"}
@string{ER-98 = "Proceedings of the Seventeenth International Conference on
                 Conceptual Modeling (ER'98)"}
@string{ER-99 = "Proceedings of the Eighteenth International Conference on
                 Conceptual Modeling (ER'99)"}
@string{ER-00 = "Proceedings of the Nineteenth International Conference on
                 Conceptual Modeling (ER~2000)"}
@string{ER-01 = "Proceedings of the Twentieth International Conference on
                 Conceptual Modeling (ER~2001)"}
@string{ER-02 = "Proceedings of the Twentyfirst International Conference on
                 Conceptual Modeling (ER~2002)"}

@string{ECDL-97 = "Proceedings of the First European Conference on Research
                   and Advanced Technology for Digital Libraries (ECDL'97)"}
@string{ECDL-98 = "Proceedings of the Second European Conference on Research
                   and Advanced Technology for Digital Libraries (ECDL'98)"}
@string{ECDL-99 = "Proceedings of the Third European Conference on Research
                   and Advanced Technology for Digital Libraries (ECDL'99)"}

@string{ICDE-86 = "Proceedings of the Second IEEE International Conference on
                   Data Engineering (ICDE'86)"}
@string{ICDE-87 = "Proceedings of the Third IEEE International Conference on
                   Data Engineering (ICDE'87)"}
@string{ICDE-88 = "Proceedings of the Fourth IEEE International Conference on
                   Data Engineering (ICDE'88)"}
@string{ICDE-89 = "Proceedings of the Fifth IEEE International Conference on
                   Data Engineering (ICDE'89)"}
@string{ICDE-90 = "Proceedings of the Sixth IEEE International Conference on
                   Data Engineering (ICDE'90)"}
@string{ICDE-91 = "Proceedings of the Seventh IEEE International Conference on
                   Data Engineering (ICDE'91)"}
@string{ICDE-92 = "Proceedings of the Eigth IEEE International Conference on
                   Data Engineering (ICDE'92)"}
@string{ICDE-93 = "Proceedings of the Ninth IEEE International Conference on
                   Data Engineering (ICDE'93)"}
@string{ICDE-94 = "Proceedings of the Tenth IEEE International Conference on
                   Data Engineering (ICDE'94)"}
@string{ICDE-95 = "Proceedings of the Eleventh IEEE International Conference on
                   Data Engineering (ICDE'95)"}
@string{ICDE-96 = "Proceedings of the Twelfth IEEE International Conference on
                   Data Engineering (ICDE'96)"}
@string{ICDE-97 = "Proceedings of the Thirteenth IEEE International Conference
                   on Data Engineering (ICDE'97)"}
@string{ICDE-98 = "Proceedings of the Fourteenth IEEE International Conference
                   on Data Engineering (ICDE'98)"}
@string{ICDE-99 = "Proceedings of the Fifteenth IEEE International Conference
                   on Data Engineering (ICDE'99)"}
@string{ICDE-00 = "Proceedings of the Sixteenth IEEE International Conference
                   on Data Engineering (ICDE~2000)"}
@string{ICDE-01 = "Proceedings of the Seventeenth IEEE International Conference
                   on Data Engineering (ICDE~2001)"}
@string{ICDE-02 = "Proceedings of the Eighteenth IEEE International Conference
                   on Data Engineering (ICDE~2002)"}
@string{ICDE-03 = "Proceedings of the Nineteenth IEEE International Conference
                   on Data Engineering (ICDE~2003)"}
@string{ICDE-08 = "Proceedings of the Twentyfourth IEEE International Conference
                   on Data Engineering (ICDE~2008)"}

%%% MANTENUTE SOLO PER COMPATIBILITA` -- USARE ICDE-xx -- NON AGGIORNARE
@string{DE-86 = "Proceedings of the Second IEEE International Conference on
                 Data Engineering (ICDE'86)"}
@string{DE-87 = "Proceedings of the Third IEEE International Conference on
                 Data Engineering (ICDE'87)"}
@string{DE-89 = "Proceedings of the Fifth IEEE International Conference on
                 Data Engineering (ICDE'89)"}
@string{DE-93 = "Proceedings of the Ninth IEEE International Conference on
                 Data Engineering (ICDE'93)"}
@string{DE-94 = "Proceedings of the Tenth IEEE International Conference on
                 Data Engineering (ICDE'94)"}
%%% NON AGGIORNARE -- FINE

@string{ICDT-88 = "Proceedings of the International Conference on Database
                   Theory (ICDT'88)"}
@string{ICDT-90 = "Proceedings of the Third International Conference on
                   Database Theory (ICDT'90)"}
@string{ICDT-92 = "Proceedings of the Fourth International Conference on
                   Database Theory (ICDT'92)"}
@string{ICDT-95 = "Proceedings of the Fifth International Conference on
                   Database Theory (ICDT'95)"}
@string{ICDT-97 = "Proceedings of the Sixth International Conference on
                   Database Theory (ICDT'97)"}
@string{ICDT-99 = "Proceedings of the Seventh International Conference on
                   Database Theory (ICDT'99)"}
@string{ICDT-01 = "Proceedings of the Eighth International Conference on
                   Database Theory (ICDT~2001)"}
@string{ICDT-03 = "Proceedings of the Ninth International Conference on
                   Database Theory (ICDT~2003)"}
@string{ICDT-05 = "Proceedings of the Tenth International Conference on
                   Database Theory (ICDT~2005)"}

@string{ICSOC-03 = "Proceedings of the First International Conference on
                    Service Oriented Computing (ICSOC~2003)"}
@string{ICSOC-04 = "Proceedings of the Second International Conference on
                    Service Oriented Computing (ICSOC~2004)"}
@string{ICSOC-05 = "Proceedings of the Third International Conference on
                    Service Oriented Computing (ICSOC~2005)"}

@string{PODS-82 = "Proceedings of the First ACM SIGACT SIGMOD Symposium on
                   Principles of Database Systems (PODS'82)"}
@string{PODS-83 = "Proceedings of the Second ACM SIGACT SIGMOD Symposium on
                   Principles of Database Systems (PODS'83)"}  
@string{PODS-84 = "Proceedings of the Third ACM SIGACT SIGMOD Symposium on
                   Principles of Database Systems (PODS'84)"}
@string{PODS-85 = "Proceedings of the Fourth ACM SIGACT SIGMOD Symposium on
                   Principles of Database Systems (PODS'85)"} 
@string{PODS-86 = "Proceedings of the Fifth ACM SIGACT SIGMOD Symposium on
                   Principles of Database Systems (PODS'86)"}
@string{PODS-87 = "Proceedings of the Sixth ACM SIGACT SIGMOD SIGART
                   Symposium on Principles of Database Systems (PODS'87)"}
@string{PODS-88 = "Proceedings of the Seventh ACM SIGACT SIGMOD SIGART
                   Symposium on Principles of Database Systems (PODS'88)"}
@string{PODS-89 = "Proceedings of the Eighth ACM SIGACT SIGMOD SIGART
                   Symposium on Principles of Database Systems (PODS'89)"}
@string{PODS-90 = "Proceedings of the Ninth ACM SIGACT SIGMOD SIGART
                   Symposium on Principles of Database Systems (PODS'90)"}
@string{PODS-91 = "Proceedings of the Tenth ACM SIGACT SIGMOD SIGART
                   Symposium on Principles of Database Systems (PODS'91)"}
@string{PODS-92 = "Proceedings of the Eleventh ACM SIGACT SIGMOD SIGART
                   Symposium on Principles of Database Systems (PODS'92)"}
@string{PODS-93 = "Proceedings of the Twelfth ACM SIGACT SIGMOD SIGART
                   Symposium on Principles of Database Systems (PODS'93)"}
@string{PODS-94 = "Proceedings of the Thirteenth ACM SIGACT SIGMOD SIGART
                   Symposium on Principles of Database Systems (PODS'94)"}
@string{PODS-95 = "Proceedings of the Fourteenth ACM SIGACT SIGMOD SIGART
                   Symposium on Principles of Database Systems (PODS'95)"}
@string{PODS-96 = "Proceedings of the Fifteenth ACM SIGACT SIGMOD SIGART
                   Symposium on Principles of Database Systems (PODS'96)"}
@string{PODS-97 = "Proceedings of the Sixteenth ACM SIGACT SIGMOD SIGART
                   Symposium on Principles of Database Systems (PODS'97)"}
@string{PODS-98 = "Proceedings of the Seventeenth ACM SIGACT SIGMOD SIGART
                   Symposium on Principles of Database Systems (PODS'98)"}
@string{PODS-99 = "Proceedings of the Eighteenth ACM SIGACT SIGMOD SIGART
                   Symposium on Principles of Database Systems (PODS'99)"}
@string{PODS-00 = "Proceedings of the Nineteenth ACM SIGACT SIGMOD SIGART
                   Symposium on Principles of Database Systems (PODS~2000)"}
@string{PODS-01 = "Proceedings of the Twentieth ACM SIGACT SIGMOD SIGART
                   Symposium on Principles of Database Systems (PODS~2001)"}
@string{PODS-02 = "Proceedings of the Twentyfirst ACM SIGACT SIGMOD SIGART
                   Symposium on Principles of Database Systems (PODS~2002)"}
@string{PODS-03 = "Proceedings of the Twentysecond ACM SIGACT SIGMOD SIGART
                   Symposium on Principles of Database Systems (PODS~2003)"}
@string{PODS-04 = "Proceedings of the Twentythird ACM SIGACT SIGMOD SIGART
                   Symposium on Principles of Database Systems (PODS~2004)"}
@string{PODS-05 = "Proceedings of the Twentyfourth ACM SIGACT SIGMOD SIGART
                   Symposium on Principles of Database Systems (PODS~2005)"}
@string{PODS-06 = "Proceedings of the Twentyfifth ACM SIGACT SIGMOD SIGART
                   Symposium on Principles of Database Systems (PODS~2006)"}

@string{SEBD-94 = "Proceedings of the Second Italian Conference on
                   Database Systems (SEBD'94)"}
@string{SEBD-98 = "Proceedings of the Sixth Italian Conference on
                   Database Systems (SEBD'98)"}
@string{SEBD-99 = "Proceedings of the Seventh Italian Conference on
                   Database Systems (SEBD'99)"}
@string{SEBD-00 = "Proceedings of the Eighth Italian Conference on
                   Database Systems (SEBD~2000)"}
@string{SEBD-01 = "Proceedings of the Ninth Italian Conference on
                   Database Systems (SEBD~2001)"}
@string{SEBD-02 = "Proceedings of the Tenth Italian Conference on
                   Database Systems (SEBD~2002)"}
@string{SEBD-03 = "Proceedings of the Eleventh Italian Conference on
                   Database Systems (SEBD~2003)"}
@string{SEBD-04 = "Proceedings of the Twelfth Italian Conference on
                   Database Systems (SEBD~2004)"}
@string{SEBD-05 = "Proceedings of the Thirteenth Italian Conference on
                   Database Systems (SEBD~2005)"}
@string{SEBD-06 = "Proceedings of the Fourteenth Italian Conference on
                   Database Systems (SEBD~2006)"}

@string{SIGMOD = "Proceedings of the ACM SIGMOD International Conference on
                  Management of Data"}

@string{TES-04 = "Proceedings of the fifth VLDB Workshop on Technologies for
                  E-Services (TES~2004)"}

@string{VLDB-77 = "Proceedings of the Third International Conference on
                   Very Large Data Bases (VLDB'77)"}
@string{VLDB-78 = "Proceedings of the Fourth International Conference on
                   Very Large Data Bases (VLDB'78)"}
@string{VLDB-79 = "Proceedings of the Fifth International Conference on
                   Very Large Data Bases (VLDB'79)"}
@string{VLDB-80 = "Proceedings of the Sixth International Conference on
                   Very Large Data Bases (VLDB'80)"}
@string{VLDB-81 = "Proceedings of the Seventh International Conference on
                   Very Large Data Bases (VLDB'81)"}
@string{VLDB-82 = "Proceedings of the Eighth International Conference on
                   Very Large Data Bases (VLDB'82)"}
@string{VLDB-83 = "Proceedings of the Ninth International Conference on
                   Very Large Data Bases (VLDB'83)"}
@string{VLDB-84 = "Proceedings of the Tenth International Conference on
                   Very Large Data Bases (VLDB'84)"}
@string{VLDB-85 = "Proceedings of the Eleventh International Conference on
                   Very Large Data Bases (VLDB'85)"}
@string{VLDB-86 = "Proceedings of the Twelth International Conference on
                   Very Large Data Bases (VLDB'86)"}
@string{VLDB-87 = "Proceedings of the Thirteenth International Conference on 
                   Very Large Data Bases (VLDB'87)"}
@string{VLDB-88 = "Proceedings of the Fourteenth International Conference on
                   Very Large Data Bases (VLDB'88)"}
@string{VLDB-89 = "Proceedings of the Fifteenth International Conference on
                   Very Large Data Bases (VLDB'89)"}
@string{VLDB-90 = "Proceedings of the Sixteenth International Conference on
                   Very Large Data Bases (VLDB'90)"}
@string{VLDB-91 = "Proceedings of the Seventeenth International Conference on
                   Very Large Data Bases (VLDB'91)"}
@string{VLDB-92 = "Proceedings of the Eighteenth International Conference on
                   Very Large Data Bases (VLDB'92)"}
@string{VLDB-93 = "Proceedings of the Nineteenth International Conference on
                   Very Large Data Bases (VLDB'93)"}
@string{VLDB-94 = "Proceedings of the Twentieth International Conference on
                   Very Large Data Bases (VLDB'94)"}
@string{VLDB-95 = "Proceedings of the Twentyfirst International Conference on
                   Very Large Data Bases (VLDB'95)"}
@string{VLDB-96 = "Proceedings of the Twentysecond International Conference on
                   Very Large Data Bases (VLDB'96)"}
@string{VLDB-97 = "Proceedings of the Twentythird International Conference on
                   Very Large Data Bases (VLDB'97)"}
@string{VLDB-98 = "Proceedings of the Twentyfourth International Conference on
                   Very Large Data Bases (VLDB'98)"}
@string{VLDB-99 = "Proceedings of the Twentyfifth International Conference on
                   Very Large Data Bases (VLDB'99)"}
@string{VLDB-00 = "Proceedings of the Twentysixth International Conference on
                   Very Large Data Bases (VLDB~2000)"}
@string{VLDB-01 = "Proceedings of the Twentyseventh International Conference on
                   Very Large Data Bases (VLDB~2001)"}
@string{VLDB-02 = "Proceedings of the Twentyeight International Conference on
                   Very Large Data Bases (VLDB~2002)"}
@string{VLDB-03 = "Proceedings of the Twentyninth International Conference on
                   Very Large Data Bases (VLDB~2003)"}
@string{VLDB-04 = "Proceedings of the Thirtieth International Conference on
                   Very Large Data Bases (VLDB~2004)"}
@string{VLDB-05 = "Proceedings of the Thirtyfirst International Conference on
                   Very Large Data Bases (VLDB~2005)"}
@string{VLDB-06 = "Proceedings of the Thirtysecond International Conference on
                   Very Large Data Bases (VLDB~2006)"}

@string{WebDB-98 = "Proceedings of the First International Workshop on the
                    World Wide Web and Databases (WebDB'98)"}
@string{WebDB-99 = "Proceedings of the Second International Workshop on the
                    Web and Databases (WebDB'99)"}
@string{WebDB-00 = "Proceedings of the Third International Workshop on the
                    Web and Databases (WebDB~2000)"}
@string{WebDB-01 = "Proceedings of the Fourth International Workshop on the
                    Web and Databases (WebDB~2001)"}
@string{WebDB-02 = "Proceedings of the Fifth International Workshop on the
                    Web and Databases (WebDB~2002)"}
@string{WebDB-03 = "Proceedings of the Sixth International Workshop on the
                    Web and Databases (WebDB~2003)"}
@string{WebDB-04 = "Proceedings of the Seventh International Workshop on the
                    Web and Databases (WebDB~2004)"}

@string{WISE-01 = "Proceedings of the Second International Conference on
                   Web Information Systems Engineering (WISE~2001)"}
@string{WISE-02 = "Proceedings of the Third International Conference on
                   Web Information Systems Engineering (WISE~2002)"}
@string{WISE-03 = "Proceedings of the Fourth International Conference on
                   Web Information Systems Engineering (WISE~2003)"}

@string{WWW-02 = "Proceedings of the Eleventh International World Wide Web
                  Conference (WWW~2002)"}
@string{WWW-03 = "Proceedings of the Twelfth International World Wide Web
                  Conference (WWW~2003)"}

%%%%% THEORY  THEORY  THEORY  THEORY  THEORY  THEORY  THEORY
%%%%% THEORY  THEORY  THEORY  THEORY  THEORY  THEORY  THEORY
%%%%% THEORY  THEORY  THEORY  THEORY  THEORY  THEORY  THEORY

@string{FCT-83 = "Proceedings of the International Conference on Foundations
                  of Computation Theory (FCT'83)"}
@string{FCT-97 = "Proceedings of the 11th International Symposium on
                  Fundamentals of Computation Theory (FCT'97)"}

@string{FOCS-72 = "Proceedings of the Thirteenth Annual Symposium on
                   Switching and Automata Theory (FOCS'72)"}
@string{FOCS-77 = "Proceedings of the Eighteenth Annual Symposium on the
                   Foundations of Computer Science (FOCS'77)"}
@string{FOCS-79 = "Proceedings of the Twentieth Annual Symposium on the
                   Foundations of Computer Science (FOCS'79)"}
@string{FOCS-81 = "Proceedings of the Twentysecond Annual Symposium on the
                   Foundations of Computer Science (FOCS'81)"}
@string{FOCS-88 = "Proceedings of the Twentyninth Annual Symposium on the
                   Foundations of Computer Science (FOCS'88)"}
@string{FOCS-89 = "Proceedings of the Thirtieth Annual Symposium on the
                   Foundations of Computer Science (FOCS'89)"}
@string{FOCS-90 = "Proceedings of the Thirtyfirst Annual Symposium on the
                   Foundations of Computer Science (FOCS'90)"}
@string{FOCS-91 = "Proceedings of the Thirtysecond Annual Symposium on the
                   Foundations of Computer Science (FOCS'91)"}
@string{FOCS-92 = "Proceedings of the Thirtythird Annual Symposium on the
                   Foundations of Computer Science (FOCS'92)"}
@string{FOCS-93 = "Proceedings of the Thirtyfourth Annual Symposium on the
                   Foundations of Computer Science (FOCS'93)"}
@string{FOCS-94 = "Proceedings of the Thirtyfifth Annual Symposium on the
                   Foundations of Computer Science (FOCS'94)"}
@string{FOCS-95 = "Proceedings of the Thirtysixth Annual Symposium on the 
                   Foundations of Computer Science (FOCS'95)"}
@string{FOCS-96 = "Proceedings of the Thirtyseventh Annual Symposium on the
                   Foundations of Computer Science (FOCS'96)"}
@string{FOCS-97 = "Proceedings of the Thirtyeighth Annual Symposium on the
                   Foundations of Computer Science (FOCS'97)"}
@string{FOCS-98 = "Proceedings of the Thirtynineth Annual Symposium on the
                   Foundations of Computer Science (FOCS'98)"}
@string{FOCS-99 = "Proceedings of the Fortieth Annual Symposium on the
                   Foundations of Computer Science (FOCS'98)"}
@string{FOCS-00 = "Proceedings of the Fortyfirst Annual Symposium on the
                   Foundations of Computer Science (FOCS~2000)"}
@string{FOCS-01 = "Proceedings of the Fortysecond Annual Symposium on the
                   Foundations of Computer Science (FOCS~2001)"}
@string{FOCS-02 = "Proceedings of the Fortythird Annual Symposium on the
                   Foundations of Computer Science (FOCS~2002)"}

@string{ICALP-80 = "Proceedings of the Seventh Colloquium on
                    Automata, Languages and Programming (ICALP'80)"}
@string{ICALP-81 = "Proceedings of the Eighth Colloquium on
                    Automata, Languages and Programming (ICALP'81)"}
@string{ICALP-82 = "Proceedings of the Ninth Colloquium on
                    Automata, Languages and Programming (ICALP'82)"}
@string{ICALP-83 = "Proceedings of the Tenth Colloquium on
                    Automata, Languages and Programming (ICALP'83)"}
@string{ICALP-84 = "Proceedings of the Eleventh Colloquium on
                    Automata, Languages and Programming (ICALP'84)"}
@string{ICALP-85 = "Proceedings of the Twelfth Colloquium on
                    Automata, Languages and Programming (ICALP'85)"}
@string{ICALP-86 = "Proceedings of the Thirteenth International Colloquium
                    on Automata, Languages and Programming (ICALP'86)"}
@string{ICALP-87 = "Proceedings of the Fourteenth International Colloquium
                    on Automata, Languages and Programming (ICALP'87)"}
@string{ICALP-88 = "Proceedings of the Fifteenth International Colloquium
                    on Automata, Languages and Programming (ICALP'88)"}
@string{ICALP-89 = "Proceedings of the Sixteenth International Colloquium
                    on Automata, Languages and Programming (ICALP'89)"}
@string{ICALP-90 = "Proceedings of the Seventeenth International Colloquium
                    on Automata, Languages and Programming (ICALP'90)"}
@string{ICALP-91 = "Proceedings of the Eighteenth International Colloquium
                    on Automata, Languages and Programming (ICALP'91)"}
@string{ICALP-92 = "Proceedings of the Nineteenth International Colloquium
                    on Automata, Languages and Programming (ICALP'92)"}
@string{ICALP-93 = "Proceedings of the Twentieth International Colloquium
                    on Automata, Languages and Programming (ICALP'93)"}
@string{ICALP-94 = "Proceedings of the Twentyfirst International Colloquium
                    on Automata, Languages and Programming (ICALP'94)"}
@string{ICALP-95 = "Proceedings of the Twentysecond International Colloquium
                    on Automata, Languages and Programming (ICALP'95)"}
@string{ICALP-96 = "Proceedings of the Twentythird International Colloquium
                    on Automata, Languages and Programming (ICALP'96)"}
@string{ICALP-97 = "Proceedings of the Twentyfourth International Colloquium
                    on Automata, Languages and Programming (ICALP'97)"}
@string{ICALP-98 = "Proceedings of the Twentyfifth International Colloquium
                    on Automata, Languages and Programming (ICALP'98)"}
@string{ICALP-99 = "Proceedings of the Twentysixth International Colloquium
                    on Automata, Languages and Programming (ICALP'99)"}
@string{ICALP-00 = "Proceedings of the Twentyseventh International Colloquium
                    on Automata, Languages and Programming (ICALP~2000)"}

@string{ISAAC-93 = "Proceedings of the Fourth Annual Symposium on Algorithms 
                    and Computation (ISAAC'93)"}
@string{ISAAC-98 = "Proceedings of the Ninth Annual Symposium on Algorithms 
                    and Computation (ISAAC'98)"}


@string{ISTCS-96 = "Proceedings of the Fourth Israeli Symposium on Theory of
                    Computing and Systems (ISTCS'96)"}

@string{SCT-84 = "Proceedings of the Fifth Symposium on Computation Theory"}


@string{STACS-91 = "Proceedings of the Eighth Symposium on Theoretical Aspects
                    of Computer Science (STACS'91)"}
@string{STACS-92 = "Proceedings of the Ninth Symposium on Theoretical Aspects
                    of Computer Science (STACS'92)"}
@string{STACS-93 = "Proceedings of the Tenth Symposium on Theoretical Aspects 
                    of Computer Science (STACS'93)"}
@string{STACS-94 = "Proceedings of the Eleventh Symposium on Theoretical
                    Aspects of Computer Science (STACS'94)"}
@string{STACS-95 = "Proceedings of the Twelfth Symposium on Theoretical 
                    Aspects of Computer Science  (STACS'95)"}
@string{STACS-96 = "Proceedings of the Thirteenth Symposium on Theoretical
                    Aspects of Computer Science  (STACS'96)"}
@string{STACS-97 = "Proceedings of the Fourteenth Symposium on Theoretical
                    Aspects of Computer Science  (STACS'97)"}
@string{STACS-98 = "Proceedings of the Fifteenth Symposium on Theoretical
                    Aspects of Computer Science  (STACS'98)"}
@string{STACS-99 = "Proceedings of the Sixteenth Symposium on Theoretical
                    Aspects of Computer Science  (STACS'99)"}
@string{STACS-00 = "Proceedings of the Seventeenth Symposium on Theoretical
                    Aspects of Computer Science  (STACS~2000)"}

@string{STOC-71 = "Proceedings of the Third ACM Symposium on Theory of
                   Computing (STOC'71)"} 
@string{STOC-73 = "Proceedings of the Fifth ACM Symposium on Theory of 
                   Computing (STOC'73)"} 
@string{STOC-74 = "Proceedings of the Sixth ACM Symposium on Theory of
                   Computing (STOC'74)"}
@string{STOC-76 = "Proceedings of the Eighth ACM Symposium on Theory of
                   Computing (STOC'76)"}
@string{STOC-77 = "Proceedings of the Ninth ACM Symposium on Theory of
                   Computing (STOC'77)"}
@string{STOC-78 = "Proceedings of the Tenth ACM Symposium on Theory of 
                   Computing (STOC'78)"} 
@string{STOC-80 = "Proceedings of the Twelfth ACM Symposium on Theory of 
                   Computing (STOC'80)"}
@string{STOC-81 = "Proceedings of the Thirteenth ACM SIGACT Symposium on
                   Theory of Computing (STOC'81)"}  
@string{STOC-82 = "Proceedings of the Fourteenth ACM SIGACT Symposium on
                   Theory of Computing (STOC'82)"}
@string{STOC-83 = "Proceedings of the Fifteenth ACM SIGACT Symposium on
                   Theory of Computing (STOC'83)"}
@string{STOC-84 = "Proceedings of the Sixteenth ACM SIGACT Symposium on
                   Theory of Computing (STOC'84)"}
@string{STOC-85 = "Proceedings of the Seventeenth ACM SIGACT Symposium on
                   Theory of Computing (STOC'85)"}
@string{STOC-86 = "Proceedings of the Eighteenth ACM SIGACT Symposium on
                   Theory of Computing (STOC'86)"}
@string{STOC-88 = "Proceedings of the Twentieth ACM SIGACT Symposium on
                   Theory of Computing (STOC'88)"}
@string{STOC-89 = "Proceedings of the Twentyfirst ACM SIGACT Symposium on
                   Theory of Computing (STOC'89)"}
@string{STOC-90 = "Proceedings of the Twentysecond ACM SIGACT Symposium on
                   Theory of Computing (STOC'90)"}
@string{STOC-91 = "Proceedings of the Twentythird ACM SIGACT Symposium on
                   Theory of Computing (STOC'91)"}
@string{STOC-92 = "Proceedings of the Twentyfourth ACM SIGACT Symposium on
                   Theory of Computing (STOC'92)"}
@string{STOC-93 = "Proceedings of the Twentyfifth ACM SIGACT Symposium on
                   Theory of Computing (STOC'93)"}
@string{STOC-94 = "Proceedings of the Twentysixth ACM SIGACT Symposium on
                   Theory of Computing (STOC'94)"}
@string{STOC-95 = "Proceedings of the Twentyseventh ACM SIGACT Symposium on
                   Theory of Computing (STOC'95)"}

@string{STRUCT-90 = "Proceedings of the Fifth Conference on Structure in
                     Complexity Theory (STRUCT'90)"}

@string{ECCC =	"Electronic Colloquium on Computational Complexity"}

%%%%% PROGRAMMING LANGUAGES   PROGRAMMING LANGUAGES   PROGRAMMING LANGUAGES
%%%%% PROGRAMMING LANGUAGES   PROGRAMMING LANGUAGES   PROGRAMMING LANGUAGES
%%%%% PROGRAMMING LANGUAGES   PROGRAMMING LANGUAGES   PROGRAMMING LANGUAGES

@string{POPL-80 = "Proceedings of the Seventh ACM SIGPLAN-SIGACT Symposium
                   on Principles of Programming Languages (POPL'80)"}
@string{POPL-85 = "Proceedings of the Twelfth ACM SIGPLAN-SIGACT Symposium
                   on Principles of Programming Languages (POPL'85)"}
@string{POPL-86 = "Proceedings of the Thirteenth ACM SIGPLAN-SIGACT Symposium
                   on Principles of Programming Languages (POPL'86)"}
@string{POPL-88 = "Proceedings of the Fifteenth ACM SIGPLAN-SIGACT Symposium
                   on Principles of Programming Languages (POPL'88)"}
@string{POPL-89 = "Proceedings of the Sixteenth ACM SIGPLAN-SIGACT Symposium
                   on Principles of Programming Languages (POPL'89)"}
@string{POPL-97 = "Proceedings of the Twentyfourth ACM SIGPLAN-SIGACT Symposium
                   on Principles of Programming Languages (POPL'97)"}
@string{POPL-03 = "Proceedings of the Thirtieth ACM SIGPLAN-SIGACT Symposium on
                   Principles of Programming Languages (POPL~2003)"}

%%%%% VERIFICATION VERIFICATION VERIFICATION VERIFICATION VERIFICATION
%%%%% VERIFICATION VERIFICATION VERIFICATION VERIFICATION VERIFICATION
%%%%% VERIFICATION VERIFICATION VERIFICATION VERIFICATION VERIFICATION

@string{CAV-93 = "Proceedings of the Fifth International Conference
                  on Computer Aided Verification (CAV'93)"}
@string{CAV-94 = "Proceedings of the Sixth International Conference
                  on Computer Aided Verification (CAV'94)"}
@string{CAV-95 = "Proceedings of the Seventh International Conference
                  on Computer Aided Verification (CAV'95)"}
@string{CAV-96 = "Proceedings of the Eighth International Conference
                  on Computer Aided Verification (CAV'96)"}
@string{CAV-97 = "Proceedings of the Ninth International Conference
                  on Computer Aided Verification (CAV'97)"}
@string{CAV-98 = "Proceedings of the Tenth International Conference
                  on Computer Aided Verification (CAV'98)"}
@string{CAV-99 = "Proceedings of the Eleventh International Conference
                  on Computer Aided Verification (CAV'99)"}
@string{CAV-00 = "Proceedings of the Twelfth International Conference
                  on Computer Aided Verification (CAV~2000)"}
@string{CAV-01 = "Proceedings of the Thirteenth International Conference
                  on Computer Aided Verification (CAV~2001)"}
@string{CAV-02 = "Proceedings of the Fourteenth International Conference
                  on Computer Aided Verification (CAV~2002)"}

@string{CONCUR-96 = "Proceedings of the Seventh International Conference on
                     Concurrency Theory (CONCUR'96)"}
@string{CONCUR-97 = "Proceedings of the Eighth International Conference on
                     Concurrency Theory (CONCUR'97)"}
@string{CONCUR-98 = "Proceedings of the Nineth International Conference on
                     Concurrency Theory (CONCUR'98)"}
@string{CONCUR-99 = "Proceedings of the Tenth International Conference on
                     Concurrency Theory (CONCUR'99)"}
@string{CONCUR-00 = "Proceedings of the Eleventh International Conference on
                     Concurrency Theory (CONCUR~2000)"}
@string{CONCUR-01 = "Proceedings of the Twelfth International Conference on
                     Concurrency Theory (CONCUR~2001)"}

@string{TACAS-96 = "Tools and Algorithms for the Construction and 
                    Analysis of Systems (TACAS'96)"}
@string{TACAS-97 = "Tools and Algorithms for the Construction and 
                    Analysis  of Systems (TACAS'97"}		  

@string{WOLP-81 = "Proceedings of the First Workshop on Logics of Programs"}
@string{WOLP-83 = "Proceedings of the Second Workshop on Logics of Programs"}
@string{WOLP-85 = "Proceedings of the Fourth Workshop on Logics of Programs"}

%%%%% SECURITY  SECURITY  SECURITY  SECURITY  SECURITY  SECURITY  SECURITY 
%%%%% SECURITY  SECURITY  SECURITY  SECURITY  SECURITY  SECURITY  SECURITY 
%%%%% SECURITY  SECURITY  SECURITY  SECURITY  SECURITY  SECURITY  SECURITY 

@string{ASIACRYPT-96 = "Advances in Cryptology - Asiacrypt'96"}
@string{ASIACRYPT-94 = "Advances in Cryptology - Asiacrypt'94"}  
@string{ASIACRYPT-96 = "Advances in Cryptology - Asiacrypt'96"}
@string{ASIACRYPT-98 = "Advances in Cryptology - Asiacrypt'98"}

@string{CCS-93 =  "Proceedings of the First ACM Conference on 
                   Communications and Computer Security (CCS'93)"}
@string{CCS-94 =  "Proceedings of the Second ACM Conference on 
                   Communications and Computer Security (CCS'94)"}
% NO CONFERENCE IN 95
@string{CCS-96 =  "Proceedings of the Third ACM Conference on 
                   Communications and Computer Security (CCS'96)"}
@string{CCS-97 =  "Proceedings of the Fourth ACM Conference on 
                   Communications and Computer Security (CCS'97)"}
@string{CCS-98 =  "Proceedings of the Fifth ACM Conference on 
                   Communications and Computer Security (CCS'98)"}

@string{CRYPTO-91 = "Proceedings of Advances in Cryptography (CRYPTO'91)"}
@string{CRYPTO-92 = "Proceedings of Advances in Cryptography (CRYPTO'92)"}
@string{CRYPTO-93 = "Proceedings of Advances in Cryptography (CRYPTO'93)"}
@string{CRYPTO-94 = "Proceedings of Advances in Cryptography (CRYPTO'94)"}
@string{CRYPTO-95 = "Proceedings of Advances in Cryptography (CRYPTO'95)"} 
@string{CRYPTO-96 = "Proceedings of Advances in Cryptography (CRYPTO'96)"} 

@string{CSFW-88 = "Proceedings of the First IEEE Computer Security 
                   Foundations Workshop (CSFW-88)"}
@string{CSFW-89 = "Proceedings of the Second IEEE Computer Security 
                   Foundations Workshop (CSFW-89)"}
@string{CSFW-90 = "Proceedings of the Third IEEE Computer Security 
                   Foundations Workshop (CSFW'90)"}
@string{CSFW-91 = "Proceedings of the Fourth IEEE Computer Security 
                   Foundations Workshop (CSFW'91)"}
@string{CSFW-92 = "Proceedings of the Fifth IEEE Computer Security 
                   Foundations Workshop (CSFW'92)"}
@string{CSFW-93 = "Proceedings of the Sixth IEEE Computer Security 
                   Foundations Workshop (CSFW'93)"}
@string{CSFW-94 = "Proceedings of the Seventh IEEE Computer Security 
                   Foundations Workshop (CSFW'94)"}
@string{CSFW-95 = "Proceedings of the Eighth IEEE Computer Security 
                   Foundations Workshop (CSFW'95)"}
@string{CSFW-96 = "Proceedings of the Ninth IEEE Computer Security 
                   Foundations Workshop (CSFW'96)"}
@string{CSFW-97 = "Proceedings of the Tenth IEEE Computer Security 
                   Foundations Workshop (CSFW'96)"}
@string{CSFW-98 = "Proceedings of the Eleventh IEEE Computer Security 
                   Foundations Workshop (CSFW'98)"}
@string{CSFW-99 = "Proceedings of the Twelfth IEEE Computer Security 
                   Foundations Workshop (CSFW'99)"}
@string{CSFW-00 = "Proceedings of the Thirteenth IEEE Computer Security
                   Foundations Workshop (CSFW~2000)"}

@string{ESORICS-90 = "Proceedings of the First European Symposium on 
                      Research in Computer Security (ESORICS'90)"}
@string{ESORICS-92 = "Proceedings of the Second European Symposium on 
                      Research in Computer Security (ESORICS'92)"}
@string{ESORICS-94 = "Proceedings of the Third European Symposium on 
                      Research in Computer Security (ESORICS'94)"}
@string{ESORICS-96 = "Proceedings of the Fourth European Symposium on 
                      Research in Computer Security (ESORICS'96)"}
@string{ESORICS-98 = "Proceedings of the Fifth European Symposium on 
                      Research in Computer Security (ESORICS'98)"} 
@string{ESORICS-00 = "Proceedings of the Sixth European Symposium on 
                      Research in Computer Security (ESORICS~2000)"} 

@string{EUROCRYPT-85 = "Advances in Cryptology - Eurocrypt 85"}  
@string{EUROCRYPT-93 = "Advances in Cryptology - Eurocrypt 93"}  
@string{EUROCRYPT-94 = "Advances in Cryptology - Eurocrypt 94"}
@string{EUROCRYPT-98 = "Advances in Cryptology - Eurocrypt 98"}  

@string{FSE-95 = "Proceedings of the Fast Software Encryption 
                  Workshop (FSE'95)"}
@string{FSE-98 = "Proceedings of the Fast Software Encryption 
                  Workshop (FSE'98)"}

@string{NCSC-91 = "Proceedings of the Fourteenth NIST-NCSC National (U.S.) 
                   Computer Security Conference"}
@string{NCSC-92 = "Proceedings of the Fifteenth NIST-NCSC National (U.S.) 
                   Computer Security Conference"}
@string{NCSC-93 = "Proceedings of the Sixteenth NIST-NCSC National (U.S.) 
                   Computer Security Conference"}
@string{NCSC-94 = "Proceedings of the Seventeenth NIST-NCSC National (U.S.) 
                   Computer Security Conference"}
@string{NCSC-95 = "Proceedings of the Eighteenth NIST-NCSC National (U.S.) 
                   Computer Security Conference"}
@string{NCSC-96 = "Proceedings of the Nineteenth NIST-NCSC National (U.S.) 
                   Computer Security Conference"}

@string{SSP-82 = "Proceedings of the First IEEE Symposium on Security and 
                  Privacy (SSP'82)"}
@string{SSP-83 = "Proceedings of the Second IEEE Symposium on Security and 
                  Privacy (SSP'83)"}
@string{SSP-84 = "Proceedings of the Third IEEE Symposium on Security and 
                  Privacy (SSP'84)"}
@string{SSP-85 = "Proceedings of the Fourth IEEE Symposium on Security and 
                  Privacy (SSP'85)"}
@string{SSP-86 = "Proceedings of the Fifth IEEE Symposium on Security and 
                  Privacy (SSP'86)"}
@string{SSP-87 = "Proceedings of the Sixth IEEE Symposium on Security and 
                  Privacy (SSP'87)"}
@string{SSP-88 = "Proceedings of the Seventh IEEE Symposium on Security and 
                  Privacy (SSP'88)"}
@string{SSP-89 = "Proceedings of the Eighth IEEE Symposium on Security and
                  Privacy (SSP'89)"}
@string{SSP-90 = "Proceedings of the Nineth IEEE Symposium on Security and 
                  Privacy (SSP'90)"}
@string{SSP-91 = "Proceedings of the Tenth IEEE Symposium on Security and 
                  Privacy (SSP'91)"}
@string{SSP-92 = "Proceedings of the Eleventh IEEE Symposium on Security and 
                  Privacy (SSP'92)"}
@string{SSP-93 = "Proceedings of the Twelfth IEEE Symposium on Security and 
                  Privacy (SSP'93)"}
@string{SSP-94 = "Proceedings of the Thirteenth IEEE Symposium on Security 
                  and Privacy (SSP'94)"}
@string{SSP-95 = "Proceedings of the Fourteenth IEEE Symposium on Security 
                  and Privacy (SSP'95)"}
@string{SSP-96 = "Proceedings of the Fifteenth IEEE Symposium on Security 
                  and Privacy (SSP'96)"}
@string{SSP-97 = "Proceedings of the Sixteenth IEEE Symposium on Security 
                  and Privacy (SSP'97)"}
@string{SSP-98 = "Proceedings of the Seventeenth IEEE Symposium on Security 
                  and Privacy (SSP'98)"} 


%%%%% ALTRE ALTRE ALTRE ALTRE ALTRE ALTRE ALTRE ALTRE ALTRE ALTRE ALTRE ALTRE
%%%%% ALTRE ALTRE ALTRE ALTRE ALTRE ALTRE ALTRE ALTRE ALTRE ALTRE ALTRE ALTRE
%%%%% ALTRE ALTRE ALTRE ALTRE ALTRE ALTRE ALTRE ALTRE ALTRE ALTRE ALTRE ALTRE

@string{AICA-00 = "Proceedings of the Thirtyeighth Annual Conference of the
                   Italian Computing Association (AICA~2000)"}
@string{AICA-02 = "Proceedings of the Fortieth Annual Conference of the
                   Italian Computing Association (AICA~2002)"}

@string{ASSET-99 = "Proceedings of IEEE Symposium on Application-Specific
                    Systems and Software Engineering Technology (ASSET'99)"}

@string{CIAA-03 = "Proceedings of the Eigth International Conference on
                   Implementation and Application of Automata (CIAA~2003)"}

@string{COCOON-95 = "Proceedings of the First Annual International Conference
                     on Computing and Combinatorics (COCOON'95)"}

@string{DEXA-05 = "Proceedings of the Sixteenth International Workshop on
                   Database and Expert Systems Applications (DEXA~2005)"}

@string{DISCO-93 = "Proceedings of the International Symposium on the
                    Design and Implementation of Symbolic Computation
                    Systems (DISCO'93)"}
@string{DISCO-96 = "Proceedings of the International Symposium on the
                    Design and Implementation of Symbolic Computation
                    Systems (DISCO'96)"}

@string{FGCS-88 = "Proceedings of the International Conference on Fifth
                   Generation Computer Systems (FGCS'88)"} 
@string{FGCS-92 = "Proceedings of the International Conference on Fifth
                   Generation Computer Systems (FGCS'92)"}


@string{PODC-84 = "Proceedings of the Third ACM Symposium on Principles of 
                   Distributed Computing (PODC'84)"}
@string{PODC-85 = "Proceedings of the Fourth ACM Symposium on Principles of 
                   Distributed Computing (PODC'85)"}
@string{PODC-86 = "Proceedings of the Fifth ACM Symposium on Principles of
                   Distributed Computing (PODC'86)"}
@string{PODC-87 = "Proceedings of the Sixth ACM Symposium on Principles of 
                   Distributed Computing (PODC'87)"}
@string{PODC-88 = "Proceedings of the Seventh ACM Symposium on Principles of
                   Distributed Computing (PODC'88)"}
@string{PODC-89 = "Proceedings of the Eighth ACM Symposium on Principles of
                   Distributed Computing (PODC'89)"}
@string{PODC-90 = "Proceedings of the Ninth ACM Symposium on Principles of
                   Distributed Computing (PODC'90)"}
@string{PODC-91 = "Proceedings of the Tenth ACM Symposium on Principles of 
                   Distributed Computing (PODC'91)"}
@string{PODC-92 = "Proceedings of the Eleventh ACM Symposium on Principles of
                   Distributed Computing (PODC'92)"}
@string{PODC-93 = "Proceedings of the Twelfth ACM Symposium on Principles of 
                   Distributed Computing (PODC'93)"}
@string{PODC-94 = "Proceedings of the Thirteenth ACM Symposium on Principles of
                   Distributed Computing (PODC'94)"}
@string{PODC-95 = "Proceedings of the Fourteenth ACM Symposium on Principles of
                   Distributed Computing (PODC'95)"}
@string{PODC-96 = "Proceedings of the Fifteenth ACM Symposium on Principles of
                   Distributed Computing (PODC'96)"}
@string{PODC-97 = "Proceedings of the Sixteenth ACM Symposium on Principles of
                   Distributed Computing (PODC'97)"}
@string{PODC-98 = "Proceedings of the Seventeenth ACM Symposium on Principles
                   of Distributed Computing (PODC'98)"}
@string{PODC-99 = "Proceedings of the Eighteenth ACM Symposium on Principles
                   of Distributed Computing (PODC'99)"}
@string{PODC-00 = "Proceedings of the Nineteenth ACM Symposium on Principles
                   of Distributed Computing (PODC~2000)"}
@string{PODC-01 = "Proceedings of the Twentieth ACM Symposium on Principles
                   of Distributed Computing (PODC~2001)"}
@string{PODC-02 = "Proceedings of the Twentyfirst ACM Symposium on Principles
                   of Distributed Computing (PODC~2002)"}

@string{SARA-95 = "Proceedings of the First International Symposium
         on Abstraction, Reformulation and Approximation (SARA~1995)"}
@string{SARA-98 = "Proceedings of the Third International Symposium
         on Abstraction, Reformulation and Approximation (SARA~1998)"}


@string{SEKE-00 = "Proceedings of the Twelfth International Conference on
                   Software Engineering and Knowledge Engineering (SEKE~2000)"}
@string{SEKE-01 = "Proceedings of the Thirteenth International Conference on
                   Software Engineering and Knowledge Engineering (SEKE~2001)"}
@string{SEKE-02 = "Proceedings of the Fourteenth International Conference on
                   Software Engineering and Knowledge Engineering (SEKE~2002)"}

@string{SLP-85 = "Proceedings of the 1985 Symposium on Logic Programming (SLP~1985)"}

@string{SOSP-91 = "Proceedings of the Thirteenth ACM Symposium on Operating 
                   Systems Principles"}  

@string{TAPSOFT-93 = "Proceedings of the Fourth International Conference on
                      Theory and Practice of Software Development
                      (TAPSOFT'93)"}

@string{TOOLSEUROPE-99 = "Proceedings of the Twentyninth International
                          Conference on Technology of Object-Oriented
                          Languages and Systems (TOOLS-EUROPE'99)"}

@string{UML-98 = "Proceedings of the First International Workshop on
                  the Unified Modeling Language (UML'98)"}
@string{UML-99 = "Proceedings of the Second International Conference on
                  the Unified Modeling Language (UML'99)"}
@string{UML-00 = "Proceedings of the Third International Conference on
                  the Unified Modeling Language (UML~2000)"}
@string{UML-01 = "Proceedings of the Fourth International Conference on
                  the Unified Modeling Language (UML~2001)"}
@string{UML-02 = "Proceedings of the Fifth International Conference on
                  the Unified Modeling Language (UML~2002)"}
@string{UML-03 = "Proceedings of the Sixth International Conference on
                  the Unified Modeling Language (UML~2003)"}
@string{UML-04 = "Proceedings of the Seventh International Conference on
                  the Unified Modeling Language (UML~2004)"}
@string{UML-05 = "Proceedings of the Eighth International Conference on
                  the Unified Modeling Language (UML~2005)"}
@string{UML-06 = "Proceedings of the ACM/IEEE Ninth International Conference on
                  Model Driven Engineering Languages and Systems
                  (MoDELS/UML~2006)"}

%%%%% SPECIAL SERIES   SPECIAL SERIES   SPECIAL SERIES  SPECIAL SERIES
%%%%% SPECIAL SERIES   SPECIAL SERIES   SPECIAL SERIES  SPECIAL SERIES
%%%%% SPECIAL SERIES   SPECIAL SERIES   SPECIAL SERIES  SPECIAL SERIES

@string{LNCS = "Lecture Notes in Computer Science"}
@string{LNAI = "Lecture Notes in Artificial Intelligence"}
@string{LNM  = "Lecture Notes in Mathematics"}

@string{ADT0 = "Logic and Databases"} 
@string{ADT1 = "Advances in Database Theory"} 
@string{ADT2 = "Advances in Database Theory II"} 

@string{ACR3 = "Advances in Computing Research, Vol.\ 3"} 

%%%%% JOURNALS JOURNALS JOURNALS JOURNALS JOURNALS JOURNALS JOURNALS JOURNALS
%%%%% JOURNALS JOURNALS JOURNALS JOURNALS JOURNALS JOURNALS JOURNALS JOURNALS
%%%%% JOURNALS JOURNALS JOURNALS JOURNALS JOURNALS JOURNALS JOURNALS JOURNALS

@string{AAI        = "Applied Artificial Intelligence"}
@string{AAMAS      = "Autonomous Agents and Multi-Agents Systems"}
@string{ACM-OSR    = "{ACM} Operating Systems Reviews"}
@string{ADM        = "Annals of Discrete Mathematics"}
@string{AI         = "Acta Informatica"}
@string{AIC        = "{AI} Communications---The European Journal on Artificial
                      Intelligence"}
@string{AIIAnot    = "AI*IA Notizie"}
@string{AIJ        = "Artificial Intelligence"}
@string{AIM        = "AI Magazine"}
@string{AIR        = "Artificial Intelligence Review"}
@string{AM         = "Annals of Mathematics"}
@string{AMAI       = "Annals of Mathematics and Artificial Intelligence"}
@string{APAI       = "Annals of Pure and Applied Logics"}
@string{ApI        = "Applied Intelligence"}
@string{ATTech     = "AT\&T Technical Journal"}
@string{CACM       = "Communications of the {ACM}"}
@string{CogSci     = "Cognitive Science"}
@string{CAD        = "{IEEE} Transactions on Computer-Aided Design"}
@string{CI         = "Computational Intelligence"}
@string{CS         = "{ACM} Computing Surveys"}
@string{COMPLANG   = "Computer Languages"}
@string{COMPUTER   = "{IEEE} Computer"}
@string{DC         = "Distributed Computing"}
@string{DKE        = "Data and Knowledge Engineering"}
@string{DAM        = "Discrete Applied Mathematics"}		  
@string{DM         = "Discrete Mathematics"}
@string{EXPERT     = "IEEE Expert"}
@string{ETAI       = "Electronic Transactions on Artificial Intelligence"}
@String{EJOR       = "European Journal of Operational Research"}
@string{FUND-INF   = "Fundamenta Informaticae"}
@string{FCT        = "Fundamentals of Computation Theory"}
@string{IC         = "Information and Computation"}
@string{ICon       = "Information and Control"}
@string{ICOMP      = "Information and Computation"}
@string{IEEEBDE    = "Bulletin of the IEEE Computer Society Technical Committee
                      on Data Engineering"}
@string{IEEE-COMM  = "{IEEE} Communications Magazine"}
@string{IEEE-IS    = "{IEEE} Intelligent Systems"}
@string{IEEE-SMC   = "{IEEE} Transactions on Systems, Man and Cybernetics"}
@string{IEEE-SMC-A = "{IEEE} Transactions on Systems, Man and Cybernetics,
                      Part A"}
@string{IGPL       = "Journal of the Interest Group in Pure and Applied Logic"}
@string{IJCIS      = "International Journal of Cooperative Information
                      Systems"}
@string{INFOR      = "INFOR --- The Canadian Journal of Operational Research
                      and Information Processing"}
@string{IPL        = "Information Processing Letters"}
@string{IS         = "Information Systems"}
@string{ISc        = "Information Sciences"}
@string{JACM       = "Journal of the {ACM}"}
@string{JApI       = "Journal of Applied Intelligence"}
@string{JAIR       = "Journal of Artificial Intelligence Research"}
@string{JAL        = "Journal of Applied Logic"}
@string{JAMIA      = "Journal of the American Medical Informatics Association"}
@string{JANCL      = "Journal of Applied Non-Classical Logics"}
@string{JAR        = "Journal of Automated Reasoning"}
@string{JCS        = "Journal of Computer Security"}
@string{JCryp      = "Journal of Cryptology"}
@string{JCSS       = "Journal of Computer and System Sciences"}
@string{JCTB       = "Journal of Combinatorial Theory, Series B"}
@string{JDATASEM   = "Journal on Data Semantics"}
@string{JETAI      = "Journal of Experimental and Theoretical Computer Science"}
@string{JICIS      = "Journal of Intelligent and Cooperative Information Systems"}
@string{JIIS       = "Journal of Intelligent Information Systems"}
@string{JLC        = "Journal of Logic and Computation"}
@string{JLLI       = "Journal of Logic, Language and Information"}
@string{JLP        = "Journal of Logic Programming"}
@string{JMT        = "Journal of Machine Translation"}
@string{JODL       = "International Journal on Digital Libraries"} % was IJDL
@string{JODS       = "Journal on Data Semantics"}
@string{JoWS       = "Journal of Web Semantics"}  % was JWEBSEM
@string{JPL        = "Journal of Philosophical Logic"}
@string{JRAS       = "International Journal of Robotics and Autonomous
                      Systems"}
@string{JSC        = "Journal of Symbolic Computation"}
@string{JSL        = "Journal of Symbolic Logic"}
@string{JSS        = "International Journal of System Science"}
@string{JUCS       = "Journal of Universal Computer Science"}
@string{MM         = "{IEEE} MultiMedia"}
@string{MSCS       = "Mathematical Structures in Computer Science"}
@string{MST        = "Mathematical Systems Theory"}
@string{NGC        = "New Generation Computing"}
@string{NDJFL      = "Notre Dame Journal of Formal Logic"}
@string{NISJ       = "Networking and Information Systems"}
@String{OR         = "Operations Research"}
@string{RI         = "Rivista di Informatica"}
@string{SIAM-JOC   = "{SIAM} Journal on Computing"}
@string{SIAM-JADM  = "{SIAM} Journal on Algebraic and Discrete Methods"}
@string{SIGART     = "{SIGART} Bulletin"}
@string{SIGMODR    = "{SIGMOD} Record"}
@string{SL         = "Studia Logica"}
@string{SOFTWARE   = "{IEEE} Software"}
@string{SPE        = "Software --- Practice and Experience"}
@string{TAMS       = "Transactions of the American Mathematical Society"}
@string{TCS        = "Theoretical Computer Science"}
@string{TKDE       = "{IEEE} Transactions on Knowledge and Data Engineering"}
@string{TISSEC     = "{ACM} Transactions on Information and System Security"}
@string{TOC        = "{IEEE} Transactions on Computers"}
@string{TOCL       = "{ACM} Transactions on Computational Logic"}
@string{TODS       = "{ACM} Transactions on Database Systems"}
@string{TOIS       = "{ACM} Transactions on Information Systems"}
@string{TOOIS      = "{ACM} Transactions on Office Information Systems"}
@string{TOSE       = "{IEEE} Transactions on Software Engineering"}
@string{TOSEM      = "{ACM} Transactions on Software Engineering and
                      Methodology"}
@string{TSI        = "Technique et Science Informatiques"}
@string{VLDBJ      = "Very Large Database Journal"}
@string{WWWJ       = "World Wide Web Journal"}
@string{ZMLGM      = "Zeitschrift f{\"u}r mathematische Logik und Grundlagen
                      der Mathematik"}


%%%%% PUBLISHERS PUBLISHERS PUBLISHERS PUBLISHERS PUBLISHERS PUBLISHERS
%%%%% PUBLISHERS PUBLISHERS PUBLISHERS PUBLISHERS PUBLISHERS PUBLISHERS
%%%%% PUBLISHERS PUBLISHERS PUBLISHERS PUBLISHERS PUBLISHERS PUBLISHERS

@string{AAAIP = "{AAAI} Press/The {MIT} Press"}
@string{ABLEX = "Ablex Publishers"}
@string{AMS = "American Mathematical Society"}
@string{AP = "Academic Press"}
@string{ACM = "{ACM} Press"}
@string{ACMP = "{ACM} Press and Addison Wesley"}
@string{AW = "Addison Wesley Publ.\ Co."}
@string{BC = "Benjamin and Cummings Publ.\ Co."}
@string{CP = "Clarendon Press"}
@string{CSP = "Computer Science Press"}
@string{CUP = "Cambridge University Press"}
@string{ELSEVIER = "Elsevier"}
@string{ESP = "Elsevier Science Publishers"}
@string{ERI = "{ER} Institute, Saugus, California"}
@string{FA = "Franco Angeli"}
@string{IDEA = "Idea Group Publishing"}
@string{IEEEP = "{IEEE} Computer Society Press"}
@string{IOS =   "IOS Press"}
@string{JAI = "{JAI} Press"}
@string{JWS = "John Wiley \& Sons"}
@string{KAP = "Kluwer Academic Publishers"}
@string{MGH = "McGraw-Hill"}
@string{MIT = "The {MIT} Press"}
@string{MK = "Morgan Kaufmann"}
@string{NH = "North-Holland Publ.\ Co."}
@string{OReilly = "O'Reilly \& Associates"}
@string{OUP = "Oxford University Press"}
@string{PH = "Prentice-Hall"}
@string{PITMAN = "Pitman"}
@string{PLENUM = "Plenum Publ.\ Co."}
@string{PP = "Pergamon Press"}
@string{SPRINGER = "Springer"}
@string{SV = "Springer"}

%%%%% INSTITUTIONS INSTITUTIONS INSTITUTIONS INSTITUTIONS INSTITUTIONS
%%%%% INSTITUTIONS INSTITUTIONS INSTITUTIONS INSTITUTIONS INSTITUTIONS
%%%%% INSTITUTIONS INSTITUTIONS INSTITUTIONS INSTITUTIONS INSTITUTIONS

@string{DBAI = "Institut f{\"u}r Informationssysteme -- Abteilung
                Databanken und Artificial Intelligence,
                Technische Universit{\"a}t Wien"}
@string{DFKI = "Deutsches Forschungszentrum f{\"u}r
                K{\"u}nstliche Intelligenz (DFKI)"}
@string{DIS = "Dipartimento di Informatica e Sistemistica,
               Universit{\`a} di Roma ``La Sapienza''"}
@string{CS-FUB = "Faculty of Computer Science, Free University of
                  Bozen-Bolzano"}
@string{CORR = "Computing Research Repository (CoRR)"}


%%% Local Variables: 
%%% save-place: t
%%% End: 
