%%%%%%%%%%%%%%%%%%%%%%%%%%%%%%%%%%%%%%%%%%%%%%%%%%%%%%%%%%%%%%%%%%%%%%%%%%%%%%%
@string{info = {File di stringhe in formato breve (short)}}
%%%%%%%%%%%%%%%%%%%%%%%%%%%%%%%%%%%%%%%%%%%%%%%%%%%%%%%%%%%%%%%%%%%%%%%%%%%%%%%

%%%%%%%%%%%%%%%%%%%%%%%%%%%%%%%%%%%%%%%%%%%%%%%%%%%%%%%%%%%%%%%%%%%%%%%%%%%%%%
@string{currentuser = {NESSUNO}}
@string{info01 = {Time-stamp: "2006-12-21 08:54:39 calvanese"}}
@string{info02 = {Note sull'uso:}}
@string{info03 = {- Prima di fare modifiche sostituire "NESSUNO" con il}}
@string{info04 = {  proprio nome e salvare}}
@string{info05 = {- Finito l'editing sostituire il proprio nome con "NESSUNO"}}
@string{info06 = {  aggiornare il log e salvare}}
@string{info07 = {- Se al momento di aprire il file si vede che e` gia` usato}}
@string{info08 = {  da qualcuno NON fare modifiche e NON SALVARE}}
%%%%%%%%%%%%%%%%%%%%%%%%%%%%%%%%%%%%%%%%%%%%%%%%%%%%%%%%%%%%%%%%%%%%%%%%%%%%%%

%%%%% PROCEEDINGS PROCEEDINGS PROCEEDINGS PROCEEDINGS PROCEEDINGS 
%%%%% Within each category in alphabetical order

%%%%% ARTIFICIAL INTELLIGENCE, AUTOMATED DEDUCTION, LOGIC PROGRAMMING
%%%%% ARTIFICIAL INTELLIGENCE, AUTOMATED DEDUCTION, LOGIC PROGRAMMING
%%%%% ARTIFICIAL INTELLIGENCE, AUTOMATED DEDUCTION, LOGIC PROGRAMMING

%%%%% INTERNATIONAL CONFERENCES

@string{AAAI-80 = "Proc.\ of AAAI'80"}
@string{AAAI-82 = "Proc.\ of AAAI'82"}
@string{AAAI-83 = "Proc.\ of AAAI'83"}
@string{AAAI-84 = "Proc.\ of AAAI'84"}
@string{AAAI-86 = "Proc.\ of AAAI'86"}
@string{AAAI-87 = "Proc.\ of AAAI'87"}
@string{AAAI-88 = "Proc.\ of AAAI'88"}
@string{AAAI-90 = "Proc.\ of AAAI'90"}
@string{AAAI-91 = "Proc.\ of AAAI'91"}
@string{AAAI-92 = "Proc.\ of AAAI'92"}
@string{AAAI-93 = "Proc.\ of AAAI'93"}
@string{AAAI-94 = "Proc.\ of AAAI'94"}
@string{AAAI-96 = "Proc.\ of AAAI'96"}
@string{AAAI-97 = "Proc.\ of AAAI'97"}
@string{AAAI-98 = "Proc.\ of AAAI'98"}
@string{AAAI-99 = "Proc.\ of AAAI'99"}
@string{AAAI-00 = "Proc.\ of AAAI~2000"}
@string{AAAI-02 = "Proc.\ of AAAI~2002"}
@string{AAAI-04 = "Proc.\ of AAAI~2004"}
@string{AAAI-05 = "Proc.\ of AAAI~2005"}
@string{AAAI-06 = "Proc.\ of AAAI~2006"}

@string{AGENTS-01= "Proc.\ of Agents~2001"}

@string{AIPS-96 = "Proc.\ of AIPS'96"}
@string{AIPS-98 = "Proc.\ of AIPS'98"}
@string{AIPS-00 = "Proc.\ of AIPS~2000"}

@string{IAAI-99 = "Proc.\ of IAAI'99"}
@string{IAAI-00 = "Proc.\ of IAAI~2000"}

@string{AIED-93 = "Proc.\ of AIED'93"}
@string{AIED-93 = "Proc.\ of AIED'95"}

@string{BTW-03 = "Proc.\ of BTW~2003"}

@string{CADE-82 = "Proc.\ of CADE'82"}
@string{CADE-88 = "Proc.\ of CADE'88"}
@string{CADE-90 = "Proc.\ of CADE'90"}
@string{CADE-92 = "Proc.\ of CADE'92"}
@string{CADE-94 = "Proc.\ of CADE'94"}
@string{CADE-96 = "Proc.\ of CADE'96"}
@string{CADE-97 = "Proc.\ of CADE'97"}
@string{CADE-98 = "Proc.\ of CADE'98"}
@string{CADE-99 = "Proc.\ of CADE'99"}
@string{CADE-00 = "Proc.\ of CADE~2000"}
%% CADE-01 did not take place
@string{CADE-02 = "Proc.\ of CADE~2002"}
@string{CADE-03 = "Proc.\ of CADE~2003"}

@string{CHARME-95 = "Proc.\ of CHARME'95"}

@string{CIKM-92 = "Proc.\ of CIKM'92"}
@string{CIKM-93 = "Proc.\ of CIKM'93"}
@string{CIKM-94 = "Proc.\ of CIKM'94"}
@string{CIKM-95 = "Proc.\ of CIKM'95"}
@string{CIKM-96 = "Proc.\ of CIKM'96"}
@string{CIKM-97 = "Proc.\ of CIKM'97"}
@string{CIKM-98 = "Proc.\ of CIKM'98"}
@string{CIKM-99 = "Proc.\ of CIKM'99"}
@string{CIKM-00 = "Proc.\ of CIKM~2000"}
@string{CIKM-01 = "Proc.\ of CIKM~2001"}
@string{CIKM-02 = "Proc.\ of CIKM~2002"}
@string{CIKM-03 = "Proc.\ of CIKM~2003"}
@string{CIKM-04 = "Proc.\ of CIKM~2004"}
@string{CIKM-05 = "Proc.\ of CIKM~2005"}

@string{COLING-94 = "Proc.\ of COLING'94"}
@string{COLING-96 = "Proc.\ of COLING'96"}

@string{CP-00 = "Proc.\ of CP~2000"}

@string{CSL-97 = "Proc.\ of CSL'97"}
@string{CSL-99 = "Proc.\ of CSL'99"}

@string{ECAI-84 = "Proc.\ of ECAI'84"}
@string{ECAI-86 = "Proc.\ of ECAI'86"}
@string{ECAI-88 = "Proc.\ of ECAI'88"}
@string{ECAI-90 = "Proc.\ of ECAI'90"}
@string{ECAI-92 = "Proc.\ of ECAI'92"}
@string{ECAI-94 = "Proc.\ of ECAI'94"}
@string{ECAI-96 = "Proc.\ of ECAI'96"}
@string{ECAI-98 = "Proc.\ of ECAI'98"}
@string{ECAI-00 = "Proc.\ of ECAI~2000"}
@string{ECAI-02 = "Proc.\ of ECAI~2002"}
@string{ECAI-04 = "Proc.\ of ECAI~2004"}
@string{ECAI-06 = "Proc.\ of ECAI~2006"}

@string{ECP-97 = "Proc.\ of ECP'97"}
@string{ECP-99 = "Proc.\ of ECP'99"}

@string{ESWC-04 = "Proc.\ of ESWC~2004"}
@string{ESWC-05 = "Proc.\ of ESWC~2005"}
@string{ESWC-06 = "Proc.\ of ESWC~2006"}

@string{FAPR-97 = "Proc.\ of ECSQARU/FAPR'97"}

@string{FoIKS-00 = "Proc. of FoIKS~2000"}
@string{FoIKS-02 = "Proc. of FoIKS~2002"}
@string{FoIKS-04 = "Proc. of FoIKS~2004"}
@string{FoIKS-06 = "Proc. of FoIKS~2006"}

@string{FQAS-00 = "Proc.\ of FQAS~2000"}
@string{FQAS-02 = "Proc.\ of FQAS~2002"}

@string{ICCS-95 = "Proc.\ of ICCS'95"}
@string{ICCS-96 = "Proc.\ of ICCS'96"}
@string{ICCS-97 = "Proc.\ of ICCS'97"}
@string{ICCS-98 = "Proc.\ of ICCS'98"}
@string{ICCS-99 = "Proc.\ of ICCS'99"}

@string{ICLP-89 = "Proc.\ of ICLP'89"}
@string{ICLP-90 = "Proc.\ of ICLP'90"}
@string{ICLP-91 = "Proc.\ of ICLP'91"}
@string{IJCSLP-92 = "Proc.\ of IJCSLP'92"}
@string{ICLP-93 = "Proc.\ of ICLP'93"}
@string{ICLP-94 = "Proc.\ of ICLP'94"}
@string{ICLP-95 = "Proc.\ of ICLP'95"}
@string{ICLP-01 = "Proc.\ of ICLP'01"}

@string{ICTAI-96 = "Proc.\ of ICTAI'96"}

@string{IJCAI-77 = "Proc.\ of IJCAI'77"}
@string{IJCAI-79 = "Proc.\ of IJCAI'79"}
@string{IJCAI-81 = "Proc.\ of IJCAI'81"}
@string{IJCAI-83 = "Proc.\ of IJCAI'83"}
@string{IJCAI-85 = "Proc.\ of IJCAI'85"}
@string{IJCAI-87 = "Proc.\ of IJCAI'87"}
@string{IJCAI-89 = "Proc.\ of IJCAI'89"}
@string{IJCAI-91 = "Proc.\ of IJCAI'91"}
@string{IJCAI-93 = "Proc.\ of IJCAI'93"}
@string{IJCAI-95 = "Proc.\ of IJCAI'95"}
@string{IJCAI-97 = "Proc.\ of IJCAI'97"}
@string{IJCAI-99 = "Proc.\ of IJCAI'99"}
@string{IJCAI-01 = "Proc.\ of IJCAI~2001"}
@string{IJCAI-03 = "Proc.\ of IJCAI~2003"}
@string{IJCAI-05 = "Proc.\ of IJCAI~2005"}

@string{IJCAR-01 = "Proc.\ of IJCAR~2001"}
@string{IJCAR-04 = "Proc.\ of IJCAR~2004"}
@string{IJCAR-06 = "Proc.\ of IJCAR~2006"}

@string{ISMIS-88 = "Proc.\ of ISMIS'88"}
@string{ISMIS-90 = "Proc.\ of ISMIS'90"}
@string{ISMIS-93 = "Proc.\ of ISMIS'93"}
@string{ISMIS-94 = "Proc.\ of ISMIS'94"}
@string{ISMIS-97 = "Proc.\ of ISMIS'97"}
@string{ISMIS-99 = "Proc.\ of ISMIS'99"}
@string{ISMIS-00 = "Proc.\ of ISMIS~2000"}
@string{ISMIS-02 = "Proc.\ of ISMIS~2002"}
@string{ISMIS-03 = "Proc.\ of ISMIS~2003"}

@string{KER-04 = "Proc.\ of KES~2004"}

@string{KR-89 = "Proc.\ of KR'89"}
@string{KR-91 = "Proc.\ of KR'91"}
@string{KR-92 = "Proc.\ of KR'92"}
@string{KR-94 = "Proc.\ of KR'94"}
@string{KR-96 = "Proc.\ of KR'96"}
@string{KR-98 = "Proc.\ of KR'98"}
@string{KR-00 = "Proc.\ of KR~2000"}
@string{KR-02 = "Proc.\ of KR~2002"}
@string{KR-04 = "Proc.\ of KR~2004"}
@string{KR-06 = "Proc.\ of KR~2006"}

@string{LICS-86 = "Proc.\ of LICS'86"}
@string{LICS-87 = "Proc.\ of LICS'87"}
@string{LICS-88 = "Proc.\ of LICS'88"}
@string{LICS-89 = "Proc.\ of LICS'89"}
@string{LICS-90 = "Proc.\ of LICS'90"}
@string{LICS-91 = "Proc.\ of LICS'91"}
@string{LICS-92 = "Proc.\ of LICS'92"}
@string{LICS-93 = "Proc.\ of LICS'93"}
@string{LICS-94 = "Proc.\ of LICS'94"}
@string{LICS-95 = "Proc.\ of LICS'95"}
@string{LICS-96 = "Proc.\ of LICS'96"}
@string{LICS-97 = "Proc.\ of LICS'97"}
@string{LICS-98 = "Proc.\ of LICS'98"}
@string{LICS-99 = "Proc.\ of LICS'99"}
@string{LICS-00 = "Proc.\ of LICS~2000"}
@string{LICS-01 = "Proc.\ of LICS~2001"}
@string{LICS-02 = "Proc.\ of LICS~2002"}
@string{LICS-03 = "Proc.\ of LICS~2003"}
@string{LICS-04 = "Proc.\ of LICS~2004"}
@string{LICS-05 = "Proc.\ of LICS~2005"}
@string{LICS-06 = "Proc.\ of LICS~2006"}

@string{LOPSTR-92 = "Proc.\ of LOPSTR'92"}

@string{LPAR-99 = "Proc.\ of LPAR'99"}
@string{LPAR-00 = "Proc.\ of LPAR~2000"}
@string{LPAR-01 = "Proc.\ of LPAR~2001"}
@string{LPAR-02 = "Proc.\ of LPAR~2002"}
@string{LPAR-03 = "Proc.\ of LPAR~2003"}
@string{LPAR-04 = "Proc.\ of LPAR~2004"}
@string{LPAR-05 = "Proc.\ of LPAR~2005"}
@string{LPAR-06 = "Proc.\ of LPAR~2006"}

@string{META-92 = "Proc.\ of META'92"}

@string{PEG-93 = "Proc.\ of PEG'93"}

@string{PLILP-94 = "Proc.\ of PLILP'94"}

@string{PPSWR-03 = "Proc.\ of PPSWR~2003"}
@string{PPSWR-05 = "Proc.\ of PPSWR~2005"}

@string{PRICAI-90 = "Proc.\ of PRICAI'90"}
@string{PRICAI-02 = "Proc.\ of PRICAI~2002"}

@string{SWWS-01 = "Proc.\ of SWWS~2001"}
@string{ISWC-02 = "Proc.\ of ISWC~2002"}
@string{ISWC-03 = "Proc.\ of ISWC~2003"}
@string{ISWC-04 = "Proc.\ of ISWC~2004"}
@string{ISWC-05 = "Proc.\ of ISWC~2005"}

@string{TABLEAUX-95 = "Proc.\ of TABLEAUX'95"}
@string{TABLEAUX-96 = "Proc.\ of TABLEAUX'96"}
@string{TABLEAUX-97 = "Proc.\ of TABLEAUX'97"}
@string{TABLEAUX-98 = "Proc.\ of TABLEAUX'98"}
@string{TABLEAUX-99 = "Proc.\ of TABLEAUX'99"}
@string{TABLEAUX-00 = "Proc.\ of TABLEAUX~2000"}
@string{TABLEAUX-01 = "Proc.\ of TABLEAUX~2001"}
@string{TABLEAUX-02 = "Proc.\ of TABLEAUX~2002"}
@string{TABLEAUX-03 = "Proc.\ of TABLEAUX~2003"}
@string{TABLEAUX-04 = "Proc.\ of TABLEAUX~2004"}
@string{TABLEAUX-05 = "Proc.\ of TABLEAUX~2005"}

@string{TARK-86 = "Proc.\ of TARK'86"}
@string{TARK-88 = "Proc.\ of TARK'88"}
@string{TARK-90 = "Proc.\ of TARK'90"}
@string{TARK-92 = "Proc.\ of TARK'92"}
@string{TARK-94 = "Proc.\ of TARK'94"}
@string{TARK-96 = "Proc.\ of TARK'96"}

@string{UAI-94 = "Proc.\ of UAI'94"}
@string{UAI-95 = "Proc.\ of UAI'95"}
@string{UAI-97 = "Proc.\ of UAI'97"}
@string{UAI-99 = "Proc.\ of UAI'99"}
@string{UAI-01 = "Proc.\ of UAI~2001"}

@string{WOCFAI-95 = "Proc.\ of WOCFAI'95"}

%%%%% ARTIFICIAL INTELLIGENCE  ARTIFICIAL INTELLIGENCE  ARTIFICIAL INTELLIGENCE
%%%%% WORKSHOPS

@string{COGROB-00 = "Proc.\ of COGROB~2000"}
@string{COGROB-02 = "Proc.\ of COGROB~2002"}

@string{DL-94 = "Proc.\ of DL'94"}
@string{DL-95 = "Proc.\ of DL'95"}
@string{DL-96 = "Proc.\ of DL'96"}
@string{DL-97 = "Proc.\ of DL'97"}
@string{DL-98 = "Proc.\ of DL'98"}
@string{DL-99 = "Proc.\ of DL'99"}
@string{DL-00 = "Proc.\ of DL~2000"}
@string{DL-01 = "Proc.\ of DL~2001"}
@string{DL-02 = "Proc.\ of DL~2002"}
@string{DL-03 = "Proc.\ of DL~2003"}
@string{DL-04 = "Proc.\ of DL~2004"}
@string{DL-05 = "Proc.\ of DL~2005"}
@string{DL-06 = "Proc.\ of DL~2006"}

@string{FroCoS-96 = "Proc.\ of FroCoS'96"}
@string{FroCoS-98 = "Proc.\ of FroCoS'98"}
@string{FroCoS-00 = "Proc.\ of FroCoS~2000"}
@string{FroCoS-02 = "Proc.\ of FroCoS~2002"}

@string{JELIA-94 = "Proc.\ of JELIA'94"}
@string{JELIA-96 = "Proc.\ of JELIA'96"}
@string{JELIA-98 = "Proc.\ of JELIA'98"}
@string{JELIA-00 = "Proc.\ of JELIA~2000"}
@string{JELIA-02 = "Proc.\ of JELIA~2002"}
@string{JELIA-04 = "Proc.\ of JELIA~2004"}
@string{JELIA-06 = "Proc.\ of JELIA~2006"}

@string{KRDB-95 = "Proc.\ of KRDB'95"}
@string{KRDB-96 = "Proc.\ of KRDB'96"}
@string{KRDB-97 = "Proc.\ of KRDB'97"}
@string{KRDB-98 = "Proc.\ of KRDB'98"}
@string{KRDB-99 = "Proc.\ of KRDB'99"}
@string{KRDB-00 = "Proc.\ of KRDB~2000"}
@string{KRDB-01 = "Proc.\ of KRDB~2001"}
@string{KRDB-02 = "Proc.\ of KRDB~2002"}
@string{KRDB-03 = "Proc.\ of KRDB~2003"}

@string{LPNMR-93 = "Proc.\ of LPNMR'93"}
@string{LPNMR-95 = "Proc.\ of LPNMR'95"} 
@string{LPNMR-97 = "Proc.\ of LPNMR'97"}
@string{LPNMR-99 = "Proc.\ of LPNMR'99"}
@string{LPNMR-01 = "Proc.\ of LPNMR~2001"}
@string{LPNMR-05 = "Proc.\ of LPNMR~2005"}

@string{NMR-04	= "Proc.\ of NMR~2004"}    

@string{NRAC-99 = "Workshop notes of NRAC'99"}

@string{PADL-99 = "Proc.\ of PADL'99"}

@string{ROBOCUP-01 = "Proc.\ of RoboCup 2001 Int.\ Symp."}

%%%%% ARTIFICIAL INTELLIGENCE ARTIFICIAL INTELLIGENCE ARTIFICIAL INTELLIGENCE
%%%%% NATIONAL

@string{AI*IA-91 = "Proc.\ of AI*IA'91"}
@string{AI*IA-93 = "Proc.\ of AI*IA'93"}
@string{AI*IA-95 = "Proc.\ of AI*IA'95"}
@string{AI*IA-96 = "Proc.\ of AI*IA'96"}
@string{AI*IA-97 = "Proc.\ of AI*IA'97"}
@string{AI*IA-99 = "Proc.\ of AI*IA'99"}

@string{AI-90 = "Proc.\ of AI'90"}
@string{AI-95 = "Proc.\ of AI'95"}

@string{EPIA-93 = "Proc.\ of EPIA'93"}
@string{EPIA-95 = "Proc.\ of EPIA'95"}

@string{KI-87 = "Proc.\ of GWAI'87"}
@string{KI-88 = "Proc.\ of GWAI'88"}
@string{KI-92 = "Proc.\ of GWAI'92"}
@string{KI-94 = "Proc.\ of KI'94"}
@string{KI-96 = "Proc.\ of KI'96"}
@string{KI-98 = "Proc.\ of KI'98"}
@string{KI-99 = "Proc.\ of KI'99"}
@string{KI-01 = "Proc.\ of KI~2001"}
@string{KI-02 = "Proc.\ of KI~2002"}
@string{KI-03 = "Proc.\ of KI~2003"}
@string{KI-04 = "Proc.\ of KI~2004"}
@string{KI-05 = "Proc.\ of KI~2005"}
@string{KI-06 = "Proc.\ of KI~2006"}

@string{NACLP-90 = "Proc.\ of NACLP'90"}


%%%%% DATABASE  DATABASE  DATABASE  DATABASE  DATABASE  DATABASE
%%%%% DATABASE  DATABASE  DATABASE  DATABASE  DATABASE  DATABASE
%%%%% DATABASE  DATABASE  DATABASE  DATABASE  DATABASE  DATABASE

@string{ADL-00 = "Proc.\ of ADL~2000"}

@string{ADTI-94 = "Proc.\ of ADTI'94"}

@string{CAiSE-98 = "Proc.\ of CAiSE'98"}
@string{CAiSE-99 = "Proc.\ of CAiSE'99"}
@string{CAiSE-00 = "Proc.\ of CAiSE~2000"}
@string{CAiSE-01 = "Proc.\ of CAiSE~2001"}
@string{CAiSE-02 = "Proc.\ of CAiSE~2002"}
@string{CAiSE-03 = "Proc.\ of CAiSE~2003"}
@string{CAiSE-04 = "Proc.\ of CAiSE~2004"}

@string{CoopIS-93 = "Proc.\ of CoopIS'93"}
@string{CoopIS-94 = "Proc.\ of CoopIS'94"}
@string{CoopIS-95 = "Proc.\ of CoopIS'95"}
@string{CoopIS-96 = "Proc.\ of CoopIS'96"}
@string{CoopIS-97 = "Proc.\ of CoopIS'97"}
@string{CoopIS-98 = "Proc.\ of CoopIS'98"}
@string{CoopIS-99 = "Proc.\ of CoopIS'99"}
@string{CoopIS-00 = "Proc.\ of CoopIS~2000"}
@string{CoopIS-01 = "Proc.\ of CoopIS~2001"}

@string{DBPL-97 = "Proc.\ of DBPL'97"}
@string{DBPL-01 = "Proc.\ of DBPL~2001"}
@string{DBPL-03 = "Proc.\ of DBPL~2003"}
@string{DBPL-05 = "Proc.\ of DBPL~2005"}

@string{DigLib-96 = "Proc.\ of DL'96"}
@string{DigLib-97 = "Proc.\ of DL'97"}
@string{DigLib-98 = "Proc.\ of DL'98"}
@string{DigLib-99 = "Proc.\ of DL'99"}

@string{DOOD-89 = "Proc.\ of DOOD'89"}
@string{DOOD-91 = "Proc.\ of DOOD'91"}
@string{DOOD-93 = "Proc.\ of DOOD'93"}
@string{DOOD-95 = "Proc.\ of DOOD'95"}
@string{DOOD-97 = "Proc.\ of DOOD'97"}

@string{EDBT-92 = "Proc.\ of EDBT'92"}
@string{EDBT-94 = "Proc.\ of EDBT'94"}
@string{EDBT-96 = "Proc.\ of EDBT'96"}
@string{EDBT-98 = "Proc.\ of EDBT'98"}
@string{EDBT-00 = "Proc.\ of EDBT~2000"}
@string{EDBT-02 = "Proc.\ of EDBT~2002"}
@string{EDBT-04 = "Proc.\ of EDBT~2004"}

@string{ER-83 = "Proc.\ of ER'83"}
@string{ER-90 = "Proc.\ of ER'90"}
@string{ER-91 = "Proc.\ of ER'91"}
@string{ER-92 = "Proc.\ of ER'92"}
@string{ER-93 = "Proc.\ of ER'93"}
@string{ER-94 = "Proc.\ of ER'94"}
@string{ER-95 = "Proc.\ of ER'95"}
@string{ER-96 = "Proc.\ of ER'96"}
@string{ER-97 = "Proc.\ of ER'97"}
@string{ER-98 = "Proc.\ of ER'98"}
@string{ER-99 = "Proc.\ of ER'99"}
@string{ER-00 = "Proc.\ of ER~2000"}
@string{ER-01 = "Proc.\ of ER~2001"}
@string{ER-02 = "Proc.\ of ER~2002"}

@string{ECDL-97 = "Proc.\ of ECDL'97"}
@string{ECDL-98 = "Proc.\ of ECDL'98"}
@string{ECDL-99 = "Proc.\ of ECDL'99"}

@string{ICDE-86 = "Proc.\ of ICDE'86"}
@string{ICDE-87 = "Proc.\ of ICDE'87"}
@string{ICDE-88 = "Proc.\ of ICDE'88"}
@string{ICDE-89 = "Proc.\ of ICDE'89"}
@string{ICDE-90 = "Proc.\ of ICDE'90"}
@string{ICDE-91 = "Proc.\ of ICDE'91"}
@string{ICDE-92 = "Proc.\ of ICDE'92"}
@string{ICDE-93 = "Proc.\ of ICDE'93"}
@string{ICDE-94 = "Proc.\ of ICDE'94"}
@string{ICDE-95 = "Proc.\ of ICDE'95"}
@string{ICDE-96 = "Proc.\ of ICDE'96"}
@string{ICDE-97 = "Proc.\ of ICDE'97"}
@string{ICDE-98 = "Proc.\ of ICDE'98"}
@string{ICDE-99 = "Proc.\ of ICDE'99"}
@string{ICDE-00 = "Proc.\ of ICDE~2000"}
@string{ICDE-01 = "Proc.\ of ICDE~2001"}
@string{ICDE-02 = "Proc.\ of ICDE~2002"}
@string{ICDE-03 = "Proc.\ of ICDE~2003"}

%%% MANTENUTE SOLO PER COMPATIBILITA` -- USARE ICDE-xx -- NON AGGIORNARE
@string{DE-86 = "Proc.\ of ICDE'86"}
@string{DE-87 = "Proc.\ of ICDE'87"}
@string{DE-89 = "Proc.\ of ICDE'89"}
@string{DE-93 = "Proc.\ of ICDE'93"}
@string{DE-94 = "Proc.\ of ICDE'94"}
%%% NON AGGIORNARE -- FINE

@string{ICDT-88 = "Proc.\ of ICDT'88"}
@string{ICDT-90 = "Proc.\ of ICDT'90"}
@string{ICDT-92 = "Proc.\ of ICDT'92"}
@string{ICDT-95 = "Proc.\ of ICDT'95"}
@string{ICDT-97 = "Proc.\ of ICDT'97"}
@string{ICDT-99 = "Proc.\ of ICDT'99"}
@string{ICDT-01 = "Proc.\ of ICDT~2001"}
@string{ICDT-03 = "Proc.\ of ICDT~2003"}
@string{ICDT-05 = "Proc.\ of ICDT~2005"}

@string{ICSOC-03  = "Proc.\ of ICSOC~2003"}
@string{ICSOC-04  = "Proc.\ of ICSOC~2004"}
@string{ICSOC-05  = "Proc.\ of ICSOC~2005"}

@string{PODS-82 = "Proc.\ of PODS'82"}
@string{PODS-83 = "Proc.\ of PODS'83"}  
@string{PODS-84 = "Proc.\ of PODS'84"}
@string{PODS-85 = "Proc.\ of PODS'85"} 
@string{PODS-86 = "Proc.\ of PODS'86"}
@string{PODS-87 = "Proc.\ of PODS'87"}
@string{PODS-88 = "Proc.\ of PODS'88"}
@string{PODS-89 = "Proc.\ of PODS'89"}
@string{PODS-90 = "Proc.\ of PODS'90"}
@string{PODS-91 = "Proc.\ of PODS'91"}
@string{PODS-92 = "Proc.\ of PODS'92"}
@string{PODS-93 = "Proc.\ of PODS'93"}
@string{PODS-94 = "Proc.\ of PODS'94"}
@string{PODS-95 = "Proc.\ of PODS'95"}
@string{PODS-96 = "Proc.\ of PODS'96"}
@string{PODS-97 = "Proc.\ of PODS'97"}
@string{PODS-98 = "Proc.\ of PODS'98"}
@string{PODS-99 = "Proc.\ of PODS'99"}
@string{PODS-00 = "Proc.\ of PODS~2000"}
@string{PODS-01 = "Proc.\ of PODS~2001"}
@string{PODS-02 = "Proc.\ of PODS~2002"}
@string{PODS-03 = "Proc.\ of PODS~2003"}
@string{PODS-04 = "Proc.\ of PODS~2004"}
@string{PODS-05 = "Proc.\ of PODS~2005"}
@string{PODS-06 = "Proc.\ of PODS~2006"}

@string{SEBD-94 = "Proc.\ of SEBD'94"}
@string{SEBD-98 = "Proc.\ of SEBD'98"}
@string{SEBD-99 = "Proc.\ of SEBD'99"}
@string{SEBD-00 = "Proc.\ of SEBD~2000"}
@string{SEBD-01 = "Proc.\ of SEBD~2001"}
@string{SEBD-02 = "Proc.\ of SEBD~2002"}
@string{SEBD-03 = "Proc.\ of SEBD~2003"}
@string{SEBD-04 = "Proc.\ of SEBD~2004"}
@string{SEBD-05 = "Proc.\ of SEBD~2005"}
@string{SEBD-06 = "Proc.\ of SEBD~2006"}

@string{SIGMOD = "Proc.\ of ACM SIGMOD"}

@string{TES-04 = "Proc.\ of TES~2004"}

@string{VLDB-77 = "Proc.\ of VLDB'77"}
@string{VLDB-78 = "Proc.\ of VLDB'78"}
@string{VLDB-79 = "Proc.\ of VLDB'79"}
@string{VLDB-80 = "Proc.\ of VLDB'80"}
@string{VLDB-81 = "Proc.\ of VLDB'81"}
@string{VLDB-82 = "Proc.\ of VLDB'82"}
@string{VLDB-83 = "Proc.\ of VLDB'83"}
@string{VLDB-84 = "Proc.\ of VLDB'84"}
@string{VLDB-85 = "Proc.\ of VLDB'85"}
@string{VLDB-86 = "Proc.\ of VLDB'86"}
@string{VLDB-87 = "Proc.\ of VLDB'87"}
@string{VLDB-88 = "Proc.\ of VLDB'88"}
@string{VLDB-89 = "Proc.\ of VLDB'89"}
@string{VLDB-90 = "Proc.\ of VLDB'90"}
@string{VLDB-91 = "Proc.\ of VLDB'91"}
@string{VLDB-92 = "Proc.\ of VLDB'92"}
@string{VLDB-93 = "Proc.\ of VLDB'93"}
@string{VLDB-94 = "Proc.\ of VLDB'94"}
@string{VLDB-95 = "Proc.\ of VLDB'95"}
@string{VLDB-96 = "Proc.\ of VLDB'96"}
@string{VLDB-97 = "Proc.\ of VLDB'97"}
@string{VLDB-98 = "Proc.\ of VLDB'98"}
@string{VLDB-99 = "Proc.\ of VLDB'99"}
@string{VLDB-00 = "Proc.\ of VLDB~2000"}
@string{VLDB-01 = "Proc.\ of VLDB~2001"}
@string{VLDB-02 = "Proc.\ of VLDB~2002"}
@string{VLDB-03 = "Proc.\ of VLDB~2003"}
@string{VLDB-04 = "Proc.\ of VLDB~2004"}
@string{VLDB-05 = "Proc.\ of VLDB~2005"}
@string{VLDB-06 = "Proc.\ of VLDB~2006"}

@string{WebDB-98 = "Proc.\ of WebDB'98"}
@string{WebDB-99 = "Proc.\ of WebDB'99"}
@string{WebDB-00 = "Proc.\ of WebDB~2000"}
@string{WebDB-01 = "Proc.\ of WebDB~2001"}
@string{WebDB-02 = "Proc.\ of WebDB~2002"}
@string{WebDB-03 = "Proc.\ of WebDB~2003"}
@string{WebDB-04 = "Proc.\ of WebDB~2004"}

@string{WISE-01 = "Proc.\ of WISE~2001"}
@string{WISE-02 = "Proc.\ of WISE~2002"}
@string{WISE-03 = "Proc.\ of WISE~2003"}

@string{WWW-02 = "Proc.\ of WWW~2002"}
@string{WWW-03 = "Proc.\ of WWW~2003"}

%%%%% THEORY  THEORY  THEORY  THEORY  THEORY  THEORY  THEORY
%%%%% THEORY  THEORY  THEORY  THEORY  THEORY  THEORY  THEORY
%%%%% THEORY  THEORY  THEORY  THEORY  THEORY  THEORY  THEORY

@string{FCT-97 = "Proc.\ of FCT'97"}
@string{FCT-83 = "Proc.\ of FCT'83"}

@string{FOCS-72 = "Proc.\ of FOCS'72"}
@string{FOCS-77 = "Proc.\ of FOCS'77"}
@string{FOCS-78 = "Proc.\ of FOCS'78"}
@string{FOCS-79 = "Proc.\ of FOCS'79"}
@string{FOCS-80 = "Proc.\ of FOCS'80"}
@string{FOCS-81 = "Proc.\ of FOCS'81"}
@string{FOCS-82 = "Proc.\ of FOCS'82"}
@string{FOCS-83 = "Proc.\ of FOCS'83"}
@string{FOCS-84 = "Proc.\ of FOCS'84"}
@string{FOCS-85 = "Proc.\ of FOCS'85"}
@string{FOCS-86 = "Proc.\ of FOCS'86"}
@string{FOCS-87 = "Proc.\ of FOCS'87"}
@string{FOCS-88 = "Proc.\ of FOCS'88"}
@string{FOCS-89 = "Proc.\ of FOCS'89"}
@string{FOCS-90 = "Proc.\ of FOCS'90"}
@string{FOCS-91 = "Proc.\ of FOCS'91"}
@string{FOCS-92 = "Proc.\ of FOCS'92"}
@string{FOCS-93 = "Proc.\ of FOCS'93"}
@string{FOCS-94 = "Proc.\ of FOCS'94"}
@string{FOCS-95 = "Proc.\ of FOCS'95"}
@string{FOCS-96 = "Proc.\ of FOCS'96"}
@string{FOCS-97 = "Proc.\ of FOCS'97"}
@string{FOCS-98 = "Proc.\ of FOCS'98"}
@string{FOCS-99 = "Proc.\ of FOCS'99"}
@string{FOCS-00 = "Proc.\ of FOCS~2000"}
@string{FOCS-01 = "Proc.\ of FOCS~2001"}
@string{FOCS-02 = "Proc.\ of FOCS~2002"}

@string{ISAAC-93 = "Proc.\ of ISAAC'93"}
@string{ISAAC-98 = "Proc.\ of ISAAC'98"}

@string{ISTCS-96 = "Proc.\ of ISTCS'96"}

@string{SCT-84 = "Proc. of the 5th Sym.\ on Comp.\ Theory"},

@string{STACS-91 = "Proc.\ of STACS'91"}
@string{STACS-92 = "Proc.\ of STACS'92"}
@string{STACS-93 = "Proc.\ of STACS'93"}
@string{STACS-94 = "Proc.\ of STACS'94"}
@string{STACS-95 = "Proc.\ of STACS'95"}
@string{STACS-96 = "Proc.\ of STACS'96"}
@string{STACS-97 = "Proc.\ of STACS'97"}
@string{STACS-98 = "Proc.\ of STACS'98"}
@string{STACS-99 = "Proc.\ of STACS'99"}
@string{STACS-00 = "Proc.\ of STACS~2000"}

@string{STOC-71 = "Proc.\ of STOC'71"}
@string{STOC-73 = "Proc.\ of STOC'73"}
@string{STOC-74 = "Proc.\ of STOC'74"}
@string{STOC-77 = "Proc.\ of STOC'77"}
@string{STOC-78 = "Proc.\ of STOC'78"} 
@string{STOC-80 = "Proc.\ of STOC'80"}
@string{STOC-81 = "Proc.\ of STOC'81"}  
@string{STOC-82 = "Proc.\ of STOC'82"}
@string{STOC-83 = "Proc.\ of STOC'83"}
@string{STOC-84 = "Proc.\ of STOC'84"}
@string{STOC-85 = "Proc.\ of STOC'85"}
@string{STOC-88 = "Proc.\ of STOC'88"}
@string{STOC-89 = "Proc.\ of STOC'89"}
@string{STOC-90 = "Proc.\ of STOC'90"}
@string{STOC-91 = "Proc.\ of STOC'91"}
@string{STOC-92 = "Proc.\ of STOC'92"}
@string{STOC-93 = "Proc.\ of STOC'93"}
@string{STOC-94 = "Proc.\ of STOC'94"}
@string{STOC-95 = "Proc.\ of STOC'95"}

@string{STRUCT-90 = "Proc.\ of STRUCT'90"}

@string{ECCC =  "ECCC"}

%%%%% PROGRAMMING LANGUAGES PROGRAMMING LANGUAGES PROGRAMMING LANGUAGES
%%%%% PROGRAMMING LANGUAGES PROGRAMMING LANGUAGES PROGRAMMING LANGUAGES
%%%%% PROGRAMMING LANGUAGES PROGRAMMING LANGUAGES PROGRAMMING LANGUAGES

@string{POPL-80 = "Proc.\ of POPL'80"}
@string{POPL-85 = "Proc.\ of POPL'85"}
@string{POPL-86 = "Proc.\ of POPL'86"}
@string{POPL-88 = "Proc.\ of POPL'88"}
@string{POPL-89 = "Proc.\ of POPL'89"}
@string{POPL-97 = "Proc.\ of POPL'97"}
@string{POPL-03 = "Proc.\ of POPL~2003"}

%%%%% VERIFICATION VERIFICATION VERIFICATION VERIFICATION VERIFICATION
%%%%% VERIFICATION VERIFICATION VERIFICATION VERIFICATION VERIFICATION
%%%%% VERIFICATION VERIFICATION VERIFICATION VERIFICATION VERIFICATION

@string{CAV-93 = "Proc.\ of CAV'93"}
@string{CAV-94 = "Proc.\ of CAV'94"}
@string{CAV-95 = "Proc.\ of CAV'95"}
@string{CAV-96 = "Proc.\ of CAV'96"}
@string{CAV-97 = "Proc.\ of CAV'97"}
@string{CAV-98 = "Proc.\ of CAV'98"}
@string{CAV-99 = "Proc.\ of CAV'99"}
@string{CAV-00 = "Proc.\ of CAV~2000"}
@string{CAV-01 = "Proc.\ of CAV~2001"}
@string{CAV-02 = "Proc.\ of CAV~2002"}

@string{CONCUR-96 = "Proc.\ of CONCUR'96"}
@string{CONCUR-97 = "Proc.\ of CONCUR'97"}
@string{CONCUR-98 = "Proc.\ of CONCUR'98"}
@string{CONCUR-99 = "Proc.\ of CONCUR'99"}
@string{CONCUR-00 = "Proc.\ of CONCUR~2000"}
@string{CONCUR-01 = "Proc.\ of CONCUR~2001"}

@string{ICALP-80 = "Proc.\ of ICALP'80"}
@string{ICALP-81 = "Proc.\ of ICALP'81"}
@string{ICALP-82 = "Proc.\ of ICALP'82"}
@string{ICALP-83 = "Proc.\ of ICALP'83"}
@string{ICALP-84 = "Proc.\ of ICALP'84"}
@string{ICALP-85 = "Proc.\ of ICALP'85"}
@string{ICALP-86 = "Proc.\ of ICALP'86"}
@string{ICALP-87 = "Proc.\ of ICALP'87"}
@string{ICALP-88 = "Proc.\ of ICALP'88"}
@string{ICALP-89 = "Proc.\ of ICALP'89"}
@string{ICALP-90 = "Proc.\ of ICALP'90"}
@string{ICALP-91 = "Proc.\ of ICALP'91"}
@string{ICALP-92 = "Proc.\ of ICALP'92"}
@string{ICALP-93 = "Proc.\ of ICALP'93"}
@string{ICALP-94 = "Proc.\ of ICALP'94"}
@string{ICALP-95 = "Proc.\ of ICALP'95"}
@string{ICALP-96 = "Proc.\ of ICALP'96"}
@string{ICALP-97 = "Proc.\ of ICALP'97"}
@string{ICALP-98 = "Proc.\ of ICALP'98"}
@string{ICALP-99 = "Proc.\ of ICALP'99"}
@string{ICALP-00 = "Proc.\ of ICALP~2000"}

@string{WOLP-81 = "Proc.\ of WOLP'81"}
@string{WOLP-83 = "Proc.\ of WOLP'83"}
@string{WOLP-85 = "Proc.\ of WOLP'85"}

%%%%% ALTRE ALTRE ALTRE ALTRE ALTRE ALTRE ALTRE ALTRE ALTRE ALTRE ALTRE ALTRE
%%%%% ALTRE ALTRE ALTRE ALTRE ALTRE ALTRE ALTRE ALTRE ALTRE ALTRE ALTRE ALTRE
%%%%% ALTRE ALTRE ALTRE ALTRE ALTRE ALTRE ALTRE ALTRE ALTRE ALTRE ALTRE ALTRE

@string{AICA-00 = "Proc.\ of AICA~2000"}
@string{AICA-02 = "Proc.\ of AICA~2002"}

@string{ASSET-99 = "Proc,\ of ASSET'99"}

@string{CIAA-03 = "Proc.\ of CIAA~2003"}

@string{COCOON-95 = "Proc.\ of COCOON'95"}

@string{DEXA-05 = "Proc.\ of DEXA~2005"}

@string{DISCO-93 = "Proc.\ of DISCO'93"}
@string{DISCO-96 = "Proc.\ of DISCO'96"}

@string{FGCS-88 = "Proc.\ of FGCS'88"}
@string{FGCS-92 = "Proc.\ of FGCS'92"}

@string{PODC-84 = "Proc.\ of PODC'84"}
@string{PODC-85 = "Proc.\ of PODC'85"}
@string{PODC-86 = "Proc.\ of PODC'86"}
@string{PODC-87 = "Proc.\ of PODC'87"}
@string{PODC-88 = "Proc.\ of PODC'88"}
@string{PODC-89 = "Proc.\ of PODC'89"}
@string{PODC-90 = "Proc.\ of PODC'90"}
@string{PODC-91 = "Proc.\ of PODC'91"}
@string{PODC-92 = "Proc.\ of PODC'92"}
@string{PODC-93 = "Proc.\ of PODC'93"}
@string{PODC-94 = "Proc.\ of PODC'94"}
@string{PODC-95 = "Proc.\ of PODC'95"}
@string{PODC-96 = "Proc.\ of PODC'96"}
@string{PODC-97 = "Proc.\ of PODC'97"}
@string{PODC-98 = "Proc.\ of PODC'98"}
@string{PODC-99 = "Proc.\ of PODC'99"}
@string{PODC-00 = "Proc.\ of PODC~2000"}
@string{PODC-01 = "Proc.\ of PODC~2001"}
@string{PODC-02 = "Proc.\ of PODC~2002"}

@string{SARA-95 = "Proc.\ of SARA~1995"}
@string{SARA-98 = "Proc.\ of SARA~1998"}

@string{SEKE-00 = "Proc.\ of SEKE~2000"}
@string{SEKE-01 = "Proc.\ of SEKE~2001"}
@string{SEKE-02 = "Proc.\ of SEKE~2002"}

@string{SOSP-91 = "Proc.\ of SOSP'91"}

@string{TAPSOFT-93 = "Proc.\ of TAPSOFT'93"}

@string{TOOLSEUROPE-99 = "Proc.\ of TOOLS-EUROPE'99"}

@string{UML-98 = "Proc.\ of UML'98"}
@string{UML-99 = "Proc.\ of UML'99"}
@string{UML-00 = "Proc.\ of UML~2000"}
@string{UML-01 = "Proc.\ of UML~2001"}
@string{UML-02 = "Proc.\ of UML~2002"}
@string{UML-03 = "Proc.\ of UML~2003"}
@string{UML-04 = "Proc.\ of UML~2004"}
@string{UML-05 = "Proc.\ of UML~2005"}
@string{UML-06 = "Proc.\ of MoDELS/UML~2006"}

%%%%% SPECIAL SERIES   SPECIAL SERIES   SPECIAL SERIES  SPECIAL SERIES
%%%%% SPECIAL SERIES   SPECIAL SERIES   SPECIAL SERIES  SPECIAL SERIES
%%%%% SPECIAL SERIES   SPECIAL SERIES   SPECIAL SERIES  SPECIAL SERIES

@string{LNCS = "LNCS"}
@string{LNAI = "LNAI"}

@string{ADT0 = "Logic and Databases"} 
@string{ADT1 = "Advances in Database Theory"} 
@string{ADT2 = "Advances in Database Theory II"} 

@string{ACR3 = "Advances in Computing Research, Vol.\ 3"} 


%%%%% JOURNALS JOURNALS JOURNALS JOURNALS JOURNALS JOURNALS JOURNALS JOURNALS
%%%%% JOURNALS JOURNALS JOURNALS JOURNALS JOURNALS JOURNALS JOURNALS JOURNALS
%%%%% JOURNALS JOURNALS JOURNALS JOURNALS JOURNALS JOURNALS JOURNALS JOURNALS

@string{AAI        = "Applied Artificial Intelligence"}
@string{AAMAS      = "Autonomous Agents and Multi-Agents Systems"}
@string{ADM        = "Annals of Discrete Mathematics"}
@string{AI         = "Acta Informatica"}
@string{AIC        = "AI Communications"}
@string{AIIAnot    = "AI*IA Notizie"}
@string{AIJ        = "Artificial Intelligence"}
@string{AIM        = "AI Magazine"}
@string{AIR        = "AI Review"}
@string{AM         = "Ann.\ of Mathemactics"}
@string{AMAI       = "Ann.\ of Mathematics and Artificial Intelligence"}
@string{APAI       = "Annals of Pure and Applied Logics"}
@string{ApI        = "Applied Intelligence"}
@string{ATTech     = "AT\&T Technical J."}
@string{CACM       = "Comm.\ of the ACM"}
@string{CAD        = "{IEEE} Trans.\ on Computer-Aided Design"}
@string{CogSci     = "Cognitive Science"}
@string{COMPLANG   = "Computer Languages"}
@string{CI         = "Computational Intelligence"}
@string{CS         = "ACM Computing Surveys"}
@string{COMPUTER   = "IEEE Computer"}
@string{DKE        = "Data and Knowledge Engineering"}
@string{DM         = "Discrete Mathematics"}
@string{EXPERT     = "IEEE Expert"}
@string{ETAI	   = "ETAI"}
@String{EJOR       = "Europ.\ J.\ of Operational Research"}
@string{FCT        = "Fundamentals of Computation Theory"}
@string{FUND-INF   = "Fundamenta Informaticae"}
@string{IC         = "Information and Computation"}
@string{ICon       = "Information and Control"}
@string{ICOMP      = "Information and Computation"}
@string{IEEEBDE    = "IEEE Bull.\ on Data Engineering"}
@string{IEEE-COMM  = "{IEEE} Communications Magazine"}
@string{IEEE-IS    = "{IEEE} Intelligent Systems"}
@string{IEEE-SMC   = "{IEEE} Transactions on Systems, Man and Cybernetics"}
@string{IEEE-SMC-A = "{IEEE} Trans.\ on Systems, Man and Cybernetics, Part A"}
@string{IGPL       = "J.\ of the Int.\ Gr.\ in Pure and Applied Logic"}
@string{IJCIS      = "Int.\ J.\ of Cooperative Information Systems"}
@string{INFOR     = "INFOR --- The Canadian J.\ of Op.\ Res.\ and Inf.\ Proc."}
@string{IPL        = "Information Processing Letters"}
@string{IS         = "Information Systems"}
@string{ISc        = "Information Sciences"}
@string{JACM       = "J.\ of the ACM"}
@string{JApI       = "J.\ of Applied Intelligence"}
@string{JAIR       = "J.\ of Artificial Intelligence Research"}
@string{JAL        = "J.\ of Applied Logic"}
@string{JAMIA      = "J.\ of the American Medical Informatics Association"}
@string{JANCL      = "J.\ of Applied Non-Classical Logics"}
@string{JAR        = "J.\ of Automated Reasoning"}
@string{JCSS       = "J.\ of Computer and System Sciences"}
@string{JCTB       = "J.\ of Combinatorial Theory, Series B"}
@string{JDATASEM   = "J.\ on Data Semantics"}
@string{JETAI      = "J.\ of Experimental and Theoretical Computer Science"}
@string{JICIS      = "J.\ of Intelligent and Cooperative Information Systems"}
@string{JIIS       = "J.\ of Intelligent Information Systems"}
@string{JLC        = "J.\ of Log.\ and Comp."}
@string{JLLI       = "J.\ of Logic, Language and Information"}
@string{JLP        = "J.\ of Logic Programming"}
@string{JMT        = "J.\ of Machine Translation"}
@string{JODL       = "Int.\ J.\ on Digital Libraries"} % was IJDL
@string{JODS       = "J.\ on Data Semantics"}
@string{JoWS       = "J.\ of Web Semantics"}  % was JWEBSEM
@string{JPL        = "J.\ of Philosophical Logic"}
@string{JRAS       = "Int.\ J.\ of Robotics and Autonomous Systems"}
@string{JSC        = "J.\ of Symbolic Computation"}
@string{JSL        = "J.\ of Symbolic Logic"}
@string{JSS        = "Int.\ J.\ of System Science"}
@string{JUCS       = "J.\ of Universal Computer Science"}
@string{MM         = "IEEE MultiMedia"}
@string{MSCS       = "Math.\ Structures in Computer Science"}
@string{MST        = "Mathematical Systems Theory"}
@string{NGC        = "New Generation Computing"}
@string{NDJFL      = "Notre Dame Journal of Formal Logic"}
@string{NISJ       = "Networking and Information Systems"}
@String{OR         = "Operations Research"}
@string{RI         = "Rivista di Informatica"}
@string{SIAM-JOC   = "{SIAM} J.\ on Computing"}
@string{SIAM-JADM  = "{SIAM} J.\ on Algebraic and Discrete Methods"}
@string{SIGART     = "{SIGART} Bulletin"}
@string{SIGMODR    = "{SIGMOD} Record"}
@string{SL         = "Studia Logica"}
@string{SOFTWARE   = "{IEEE} Software"}
@string{SPE        = "Software --- Practice and Experience"}
@string{TAMS       = "Transactions of the American Mathematical Society"}
@string{TCS        = "Theor.\ Comp.\ Sci."}
@string{TKDE       = "{IEEE} Trans.\ on Knowledge and Data Engineering"}
@string{TOC        = "{IEEE} Trans.\ on Computers"}
@string{TOCL       = "{ACM} Trans.\ on Computational Logic"}
@string{TODS       = "{ACM} Trans.\ on Database Systems"}
@string{TOIS       = "{ACM} Trans.\ on Information Systems"}
@string{TOOIS      = "{ACM} Trans.\ on Office Information Systems"}
@string{TOSE       = "{IEEE} Trans.\ on Software Engineering"}
@string{TOSEM      = "{ACM} Trans.\ on Software Engineering and Methodology"}
@string{TSI        = "Technique et Science Informatiques"}
@string{VLDBJ      = "VLDB Journal"}
@string{WWWJ       = "World Wide Web J."}
@string{ZMLGM      = "Zeitschr.\ f.\  mathem.\ Logik und Grundlagen d.\ Math."}
		  

%%%%% PUBLISHERS PUBLISHERS PUBLISHERS PUBLISHERS PUBLISHERS PUBLISHERS
%%%%% PUBLISHERS PUBLISHERS PUBLISHERS PUBLISHERS PUBLISHERS PUBLISHERS
%%%%% PUBLISHERS PUBLISHERS PUBLISHERS PUBLISHERS PUBLISHERS PUBLISHERS

%% sono stati tolti gli indirizzi
@string{AAAIP = "{AAAI} Press/The {MIT} Press"}
@string{ABLEX = "Ablex Publishers"}
@string{AP = "Academic Press"}
@string{ACM = "{ACM} Press"}
@string{ACMP = "{ACM} Press and Addison Wesley"}
@string{AW = "Addison Wesley Publ.\ Co."}
@string{BC = "Benjamin and Cummings Publ.\ Co."}
@string{CP = "Clarendon Press"}
@string{CSP = "Computer Science Press"}
@string{CUP = "Cambridge University Press"}
@string{ELSEVIER = "Elsevier"}
@string{ESP = "Elsevier"}
@string{ERI = "{ER} Institute, Saugus, California"}
@string{FA = "Franco Angeli"}
@string{IDEA = "Idea Group Publishing"}
@string{IEEEP = "IEEE CS Press"}
@string{IOS =	"IOS Press"}
@string{JAI = "{JAI} Press"}
@string{JWS = "John Wiley \& Sons"}
@string{KAP = "Kluwer Academic Publishers"}
@string{MGH = "McGraw-Hill"}
@string{MIT = "The {MIT} Press"}
@string{MK = "Morgan Kaufmann"}
@string{NH = "North-Holland Publ.\ Co."}
@string{OReilly = "O'Reilly \& Associates"}
@string{OUP = "Oxford University Press"}
@string{PH = "Prentice-Hall"}
@string{PITMAN = "Pitman"}
@string{PLENUM = "Plenum Publ.\ Co."}
@string{PP = "Pergamon Press"}
@string{SPRINGER = "Springer"}
@string{SV = "Springer"}


%%%%% INSTITUTIONS INSTITUTIONS INSTITUTIONS INSTITUTIONS INSTITUTIONS
%%%%% INSTITUTIONS INSTITUTIONS INSTITUTIONS INSTITUTIONS INSTITUTIONS
%%%%% INSTITUTIONS INSTITUTIONS INSTITUTIONS INSTITUTIONS INSTITUTIONS

@string{DBAI = "DBAI Tech.\ Univ.\ Wien"}
@string{DFKI = "DFKI"}
@string{DIS = "Dip.\ di Inf.\ e Sist., Univ.\ di Roma ``La Sapienza''"}
@string{CS-FUB = "Fac.\ of Computer Science, Free Univ.\ of Bozen-Bolzano"}
@string{CORR = "Comp.\ Res.\ Rep.\ (CoRR)"}

%%% Local Variables: 
%%% save-place: t
%%% End: 
